@techreport{Acemoglu2008Input,
	address = {Cambridge, MA},
	author = {Acemoglu, Daron and Finkelstein, Amy},
	booktitle = {Journal of Political Economy},
	doi = {10.1086/595014},
	institution = {National Bureau of Economic Research},
	issn = {0022-3808},
	journal = {Journal of Political Economy},
	month = 5,
	pages = {837-880},
	school = {National Bureau of Economic Research},
	title = {Input and Technology Choices in Regulated Industries: Evidence from the Health Care Sector},
	url = {http://www.nber.org/papers/w12254,http://www.nber.org/papers/w12254.pdf},
	urldate = {2014-09-26},
	volume = 116,
	year = 2008
}

@techreport{Acton1973Demand,
	author = {Acton, Jan Paul},
	institution = {RAND Corporation},
	keywords = {R-1189-OEO/NYC},
	school = {RAND Corporation},
	title = {Demand for health care when time prices vary more than money prices},
	url = {http://www.rand.org/pubs/reports/R1189},
	urldate = {2013-04-24},
	year = 1973
}

@article{Acton1975Nonmonetary,
	author = {Acton, Jan Paul},
	booktitle = {Journal of Political Economy},
	doi = {10.1086/260342},
	issn = {0022-3808},
	journal = {Journal of Political Economy},
	number = 3,
	pages = 595,
	title = {Nonmonetary Factors in the Demand for Medical Services: Some Empirical Evidence},
	url = {http://www.jstor.org/stable/10.2307/1837112},
	urldate = {2013-04-24},
	volume = 83,
	year = 1975
}

@article{Adcock1997Choice,
	author = {Adcock, C J},
	booktitle = {Statistician},
	doi = {10.1111/1467-9884.00072},
	issn = {0039-0526},
	journal = {Statistician},
	keywords = {sample size,sampling,statistics},
	month = 7,
	number = 2,
	pages = {155-162},
	title = {The choice of sample size and the method of maximum expected utility - Comments},
	url = {http://doi.wiley.com/10.1111/1467-9884.00072},
	urldate = {2014-06-02},
	volume = 46,
	year = 1997
}

@article{Akerlof1970Market,
	author = {Akerlof, George A.},
	booktitle = {The Quarterly Journal of Economics},
	doi = {10.2307/1879431},
	issn = 00335533,
	journal = {The Quarterly Journal of Economics},
	number = 3,
	pages = {488-500},
	title = {The Market for "Lemons": Quality Uncertainty and the Market Mechanism},
	url = {http://www.jstor.org/stable/10.2307/1879431},
	urldate = {2013-03-25},
	volume = 84,
	year = 1970
}

@article{Allard2009Provider,
	author = {Allard, Marie and Thomas Léger, Pierre and Rochaix, Lise},
	booktitle = {Journal of Economics and Management Strategy},
	doi = {10.1111/j.1530-9134.2009.00220.x},
	issn = 10586407,
	journal = {Journal of Economics and Management Strategy},
	number = 2,
	pages = {456-486},
	title = {Provider competition in a dynamic setting},
	url = {http://onlinelibrary.wiley.com/doi/10.1111/j.1530-9134.2009.00220.x/full,http://doi.wiley.com/10.1111/j.1530-9134.2009.00220.x},
	urldate = {2014-09-22},
	volume = 18,
	year = 2009
}

@article{Allard2011Treatment,
	author = {Allard, Marie and Jelovac, Izabela and Léger, Pierre Thomas},
	booktitle = {Journal of Health Economics},
	doi = {10.1016/j.jhealeco.2011.05.016},
	issn = 01676296,
	journal = {Journal of Health Economics},
	keywords = {Ability,Altruism,Capitation,Fee for service,Fundholding},
	month = 9,
	number = 5,
	pages = {880-893},
	publisher = {Elsevier B.V.},
	title = {Treatment and referral decisions under different physician payment mechanisms},
	url = {http://www.ncbi.nlm.nih.gov/pubmed/21782263},
	urldate = {2014-09-22},
	volume = 30,
	year = 2011
}

@article{Allen1953Class,
	author = {Allen, S. G.},
	booktitle = {The Annals of Mathematical Statistics},
	doi = {10.1214/aoms/1177729036},
	issn = {0003-4851},
	journal = {The Annals of Mathematical Statistics},
	month = 6,
	number = 2,
	pages = {295-298},
	title = {A Class of Minimax Tests for One-sided Composite Hypotheses},
	url = {http://www.jstor.org/stable/2236336,http://projecteuclid.org/euclid.aoms/1177729036},
	urldate = {2014-09-22},
	volume = 24,
	year = 1953
}

@article{Allen1983Neighboring,
	author = {Allen, Beth},
	booktitle = {Journal of Mathematical Economics},
	doi = {10.1016/0304-4068(83)90051-4},
	issn = 03044068,
	journal = {Journal of Mathematical Economics},
	keywords = {information},
	pages = {63-101},
	title = {Neighboring information and distributions of agents' characteristics under uncertainty},
	url = {http://www.sciencedirect.com/science/article/pii/0304406883900514},
	urldate = {2013-05-14},
	volume = 12,
	year = 1983
}

@article{Allen1986Demand,
	author = {Allen, B},
	booktitle = {The review of economic studies},
	issn = {0034-6527},
	journal = {The review of economic studies},
	keywords = {information},
	number = 3,
	pages = {311-323},
	title = {The demand for (differentiated) information},
	url = {http://restud.oxfordjournals.org/content/53/3/311.short},
	urldate = {2013-05-14},
	volume = 53,
	year = 1986
}

@article{Amir2005Supermodularity,
	author = {Amir, Rabah},
	booktitle = {Southern Economic Journal},
	doi = {10.2307/20062066},
	issn = 00384038,
	journal = {Southern Economic Journal},
	number = {January 2004},
	pages = {636-660},
	title = {Supermodularity and Complementarity in Economics: An Elementary Survey},
	url = {http://www.jstor.org/stable/10.2307/20062066?origin=crossref,http://www.jstor.org/stable/20062066},
	urldate = {2014-10-20},
	volume = 71,
	year = 2005
}

@article{Andersen2010Danskerne,
	author = {Andersen, Kim Normann and Medaglia, Rony},
	booktitle = {Oekonomistyring og Informatik},
	journal = {Oekonomistyring og Informatik},
	number = {April},
	pages = {135-160},
	title = {Danskerne syge med nettet : E-konsultationer og policy udfordringer},
	volume = 26,
	year = 2010
}

@article{Angrist2008Mostly,
	author = {Angrist, Joshua D. and Pischke, Jörn-Steffen},
	booktitle = {Princeton University Press},
	doi = {10.1057/be.2009.37},
	issn = {0007666X},
	journal = {Princeton University Press},
	pages = 392,
	title = {Mostly harmless econometrics: An empiricist's companion},
	url = {http://books.google.co.uk/books?id=ztXL21Xd8v8C&printsec=frontcover&dq=mostly+harmless+econometrics&hl=&cd=1&source=gbs_api},
	year = 2008
}

@article{Anscombe1963Definition,
	author = {Anscombe, F. J. and Aumann, R. J.},
	booktitle = {The Annals of Mathematical Statistics},
	doi = {10.1214/aoms/1177704255},
	issn = {0003-4851},
	journal = {The Annals of Mathematical Statistics},
	number = 1,
	pages = {199-205},
	title = {A Definition of Subjective Probability},
	url = {http://www.jstor.org/stable/10.2307/2991295},
	urldate = {2014-01-15},
	volume = 34,
	year = 1963
}

@book{Armstrong2007Chapter,
	author = {Armstrong, Mark and Sappington, David E M},
	booktitle = {Handbook of Industrial Organization},
	doi = {10.1016/S1573-448X(06)03027-5},
	issn = {1573448X},
	journal = {Handbook of Industrial Organization},
	keywords = {Asymmetric information,Liberalization,Monopoly,Regulation},
	pages = {1557-1700},
	publisher = {Elsevier},
	series = {Handbook of Industrial Organization},
	title = {Chapter 27 Recent Developments in the Theory of Regulation},
	url = {http://www.sciencedirect.com/science/article/pii/S1573448X06030275},
	urldate = {2014-10-16},
	volume = 3,
	year = 2007
}

@unpublished{Armstrong2014Search,
	author = {Armstrong, Mark},
	booktitle = {Economics Series Working Papers},
	institution = {University of Oxford},
	journal = {Economics Series Working Papers},
	keywords = {Naiveté,behavioral IO,overconfidence},
	number = 57958,
	school = {University of Oxford},
	title = {Search and Ripoff Externalities},
	url = {http://ideas.repec.org/p/oxf/wpaper/715.html},
	year = 2014
}

@article{Arrow1949Bayes,
	author = {Arrow, KJ Kenneth J and Blackwell, David and Girshick, MA},
	booktitle = {Econometrica},
	journal = {Econometrica},
	number = 3,
	pages = {213-244},
	title = {Bayes and minimax solutions of sequential decision problems},
	url = {http://www.jstor.org/stable/1905525},
	urldate = {2014-06-02},
	volume = 17,
	year = 1949
}

@article{Arrow1962Economic,
	author = {Arrow, Kenneth J},
	booktitle = {The Rate and Direction of Inventive Activity: Economic and Social Factors},
	journal = {The Rate and Direction of Inventive Activity: Economic and Social Factors},
	pages = {609-626},
	title = {Economic Welfare and the Allocation of Resources for Invention},
	url = {http://www.nber.org/chapters/c2144.pdf},
	urldate = {2013-05-13},
	volume = {I},
	year = 1962
}

@article{Arrow1985International,
	author = {Arrow, Kenneth J},
	booktitle = {The American Economic Review},
	journal = {The American Economic Review},
	keywords = {Central banks,Monetary policy delegation,Walsh contract},
	month = 2,
	number = 2,
	pages = {303-307},
	title = {International Structure of the firm},
	url = {http://www.jstor.org.ep.fjernadgang.kb.dk/stable/1805615},
	volume = 75,
	year = 1985
}

@article{Arrow2004Uncertainty,
	author = {Arrow, Kenneth J},
	booktitle = {Bulletin of the World Health Organization},
	doi = {S0042-96862004000200013 [pii]},
	issn = {0042-9686},
	journal = {Bulletin of the World Health Organization},
	number = 5,
	pages = {141-149},
	title = {Uncertainty and the welfare economics of medical care. 1963.},
	volume = 82,
	year = 2004
}

@article{Ash1972Basic,
	author = {Ash, Robert B},
	booktitle = {Technometrics},
	doi = {10.2307/1267154},
	issn = 00401706,
	journal = {Technometrics},
	month = 11,
	number = 4,
	pages = 983,
	title = {Basic Probability Theory},
	url = {http://www.jstor.org/stable/1267154?origin=crossref},
	urldate = {2014-10-01},
	volume = 14,
	year = 1972
}

@article{Ashworth2006Monotone,
	author = {Ashworth, Scott and De Bueno Mesquita, Ethan},
	booktitle = {American Journal of Political Science},
	doi = {10.1111/j.1540-5907.2006.00180.x},
	issn = 00925853,
	journal = {American Journal of Political Science},
	number = 1,
	pages = {214-231},
	title = {Monotone Comparative Statics for models of politics},
	volume = 50,
	year = 2006
}

@unpublished{Athey1996Comparative,
	author = {Athey, Susan},
	keywords = {Monotone comparative statics,affiliation,investment under uncertainty,log-supermodularity,monotone likelihood ratio,risk aversion.,single crossing},
	number = {July},
	title = {Comparative statics under uncertainty: single crossing properties and log-supermodularity},
	url = {http://ideas.repec.org/p/mit/worpap/96-22.html},
	urldate = {2014-07-15},
	year = 1996
}

@unpublished{Athey1998Characterizing,
	author = {Athey, S},
	booktitle = {Working Paper-Massachusetts Institute of …},
	journal = {Working Paper-Massachusetts Institute of …},
	keywords = {comparative statics,concavity,economics of uncertainty,investment,monotone,quasi-supermodularity,single crossing properties,stochastic dominance,supermodularity},
	number = {March 1994},
	title = {Characterizing properties of stochastic objective functions},
	url = {http://web.mit.edu/athey/www/CPSO99.pdf},
	year = 1998
}

@unpublished{Athey1998Value,
	author = {Athey, Susan and Levin, Jonathan},
	booktitle = {Social Science Research Network Working Paper Series},
	doi = {10.2139/ssrn.140591},
	issn = {1556-5068},
	journal = {Social Science Research Network Working Paper Series},
	title = {The Value Of Information In Monotone Decision Problems},
	url = {http://ssrn.com/abstract=140591\nhttp://papers.ssrn.com/sol3/Delivery.cfm/98112001.pdf?abstractid=140591&mirid=1},
	urldate = {2014-09-26},
	year = 1998
}

@article{Athey2001Single,
	author = {Athey, Susan},
	booktitle = {Econometrica},
	doi = {10.1111/1468-0262.00223},
	issn = {0012-9682},
	journal = {Econometrica},
	month = 7,
	number = 4,
	pages = {861-889},
	title = {Single Crossing Properties and the Existence of Pure Strategy Equilibria in Games of Incomplete Information},
	url = {http://doi.wiley.com/10.1111/1468-0262.00223},
	urldate = {2014-10-20},
	volume = 69,
	year = 2001
}

@article{Athey2002Monotone,
	author = {Athey, Susan},
	booktitle = {The Quarterly Journal of Economics},
	doi = {10.1162/003355302753399481},
	issn = {0033-5533},
	journal = {The Quarterly Journal of Economics},
	keywords = {affiliation,and encouragement,for helpful discussions,i,i am indebted to,investment under uncertainty,log-supermodularity,monotone comparative statics,monotone likelihood ratio,monotone probability ratio,paul milgrom and john,risk aversion,roberts for their advice,single crossing},
	number = 1,
	pages = {187-223},
	publisher = {Oxford University Press},
	title = {Monotone Comparative Statics Under Uncertainty},
	url = {http://qje.oxfordjournals.org/content/117/1/187.abstract,http://qje.oxfordjournals.org/cgi/doi/10.1162/003355302753399481},
	urldate = {2014-10-20},
	volume = 117,
	year = 2002
}

@article{Auster1981Identification,
	author = {Auster, R D and Oaxaca, R L},
	booktitle = {The Journal of human resources},
	doi = {10.2307/145624},
	issn = {0022166X},
	journal = {The Journal of human resources},
	keywords = {SID},
	month = 1,
	number = 3,
	pages = {327-342},
	publisher = {University of Wisconsin Press},
	title = {Identification of supplier induced demand in the health care sector.},
	url = {http://www.jstor.org/stable/145624,http://www.jstor.org/stable/145624?origin=crossref},
	urldate = {2014-09-26},
	volume = 16,
	year = 1981
}

@article{Austin2013Why,
	author = {Austin, Steven R and Wong, Yu-Ning and Uzzo, Robert G and Beck, J Robert and Egleston, Brian L},
	booktitle = {Medical care},
	doi = {10.1097/MLR.0b013e318297429c},
	issn = {1537-1948},
	journal = {Medical care},
	keywords = {00,charlson comorbidity index,comorbidity adjustment,comorbidity summary,elixhauser score,kidney cancer,measures,med care 2013,prognostic models,seer-medicare},
	month = 5,
	number = 00,
	pages = {1-8},
	title = {Why Summary Comorbidity Measures Such As the Charlson Comorbidity Index and Elixhauser Score Work.},
	url = {http://www.ncbi.nlm.nih.gov/pubmed/23703645},
	urldate = {2014-09-26},
	volume = 00,
	year = 2013
}

@article{Ayanian1994Knowledge,
	author = {Ayanian, J Z and Hauptman, P J and Guadagnoli, E and Antman, E M and Pashos, C L and McNeil, B J},
	booktitle = {The New England journal of medicine},
	doi = {10.1056/NEJM199410273311707},
	issn = {0028-4793},
	journal = {The New England journal of medicine},
	keywords = {Adult,Attitudes,Cardiology,Cardiology: statistics \& numerical data,Drug Prescriptions,Drug Utilization,Family Practice,Family Practice: statistics \& numerical data,Female,Health Knowledge,Humans,Internal Medicine,Internal Medicine: statistics \& numerical data,Male,Medicine,Medicine: statistics \& numerical data,Middle Aged,Myocardial Infarction,Myocardial Infarction: drug therapy,New York,Physician's Practice Patterns,Physician's Practice Patterns: statistics \& numeri,Practice,Specialization,Texas,Thrombolytic Therapy,medicine,practice},
	month = 10,
	number = 17,
	pages = {1136-1142},
	title = {Knowledge and practices of generalist and specialist physicians regarding drug therapy for acute myocardial infarction.},
	url = {http://onlinelibrary.wiley.com/doi/10.1111/1467-9884.00077/abstract,http://www.ncbi.nlm.nih.gov/pubmed/7935639,http://www.nejm.org/doi/pdf/10.1056/NEJM199410273311707},
	urldate = {2014-09-26},
	volume = 331,
	year = 1994
}

@article{Baker2002Distortion,
	author = {Baker, George},
	booktitle = {The Journal of Human Resources},
	doi = {10.2307/3069615},
	issn = {0022-166X},
	journal = {The Journal of Human Resources},
	number = 4,
	pages = {728-751},
	title = {Distortion and Risk in Optimal Incentive Contracts},
	url = {http://www.jstor.org/stable/3069615\nhttp://www.jstor.org.proxy-um.researchport.umd.edu/stable/pdfplus/3069615.pdf?acceptTC=true},
	volume = 37,
	year = 2002
}

@article{Barros2005Waiting,
	author = {Barros, Pedro Pita and Olivella, Pau},
	booktitle = {Journal of Economics \& Management Strategy},
	doi = {10.1111/j.1530-9134.2005.00076.x},
	journal = {Journal of Economics \& Management Strategy},
	number = 3,
	pages = {623-646},
	title = {Waiting Lists and Patient Selection},
	url = {http://onlinelibrary.wiley.com/doi/10.1111/j.1530-9134.2005.00076.x/full\npapers2://publication/doi/10.1111/j.1530-9134.2005.00076.x},
	urldate = {2013-04-15},
	volume = 14,
	year = 2005
}

@article{Basteck2013Characterising,
	author = {Basteck, Christian and Daniëls, Tijmen R. and Heinemann, Frank},
	booktitle = {Journal of Economic Theory},
	doi = {10.1016/j.jet.2013.07.006},
	issn = 00220531,
	journal = {Journal of Economic Theory},
	keywords = {Equilibrium selection,Global games,Strategic complementarities},
	month = 1,
	number = 1,
	pages = {2620-2637},
	title = {Characterising equilibrium selection in global games with strategic complementarities},
	url = {http://www.sciencedirect.com/science/article/pii/S0022053102000182},
	urldate = {2014-09-16},
	volume = 148,
	year = 2013
}

@article{Basu2011Medicare,
	author = {Basu, Jayasree and Mobley, Lee},
	booktitle = {Medicare \& Medicaid Research Review},
	doi = {10.5600/mmrr.002.01.a02},
	issn = 21590354,
	journal = {Medicare \& Medicaid Research Review},
	month = 1,
	number = 1,
	pages = {E1-E21},
	publisher = {Centers for Medicare and Medicaid Services},
	title = {Medicare Managed Care plan Performance: A Comparison across Hospitalization Types},
	url = {/pmc/articles/PMC4006392/?report=abstract},
	urldate = {2015-03-16},
	volume = 2,
	year = 2011
}

@article{Benartzi1993Myopic,
	author = {Benartzi, S and Thaler, Rh},
	booktitle = {The Quarterly Journal of Economics},
	doi = {10.2307/2118511},
	issn = {0033-5533},
	journal = {The Quarterly Journal of Economics},
	keywords = {BONDS (Finance),CAPITALISTS \& financiers,EQUITY,INVESTMENTS,PUZZLES,STOCKS (Finance)},
	number = 1,
	pages = {73-92},
	title = {Myopic loss aversion and the equity premium puzzle},
	url = {http://www.nber.org/papers/w4369\nhttp://qje.oxfordjournals.org/cgi/doi/10.2307/2118511},
	urldate = {2013-04-15},
	volume = 110,
	year = 1993
}

@article{Benoit2010Signal,
	author = {Benoit, Jean-pierre and Burguet, Roberto and Caruana, Guillermo and Ellickson, Bryan and Hernando, Angel and Mas-collel, Andreu and Quah, John K.-H. and Shi, Xianwen and Vives, Xavier},
	booktitle = {Econometrica},
	doi = {10.3982/ECTA6640},
	issn = {0012-9682},
	journal = {Econometrica},
	number = 3,
	pages = {1007-1030},
	title = {Signal Orderings Based on Dispersion and the Supply of Private Information in Auctions},
	url = {http://doi.wiley.com/10.3982/ECTA6640},
	urldate = {2014-01-29},
	volume = 78,
	year = 2010
}

@article{Berg2009Do,
	author = {van den Berg, Michael J and de Bakker, Dinny H and Westert, Gert P and van der Zee, Jouke and Groenewegen, Peter P},
	booktitle = {BMC health services research},
	doi = {10.1186/1472-6963-9-39},
	issn = {1472-6963},
	journal = {BMC health services research},
	keywords = {Aged,Decision Making,Family,Family: economics,Female,Health Services Accessibility,Humans,Male,Middle Aged,National Health Programs,Netherlands,Physicians,Questionnaires,Referral and Consultation,Reimbursement Mechanisms,Waiting Lists},
	month = 1,
	pages = 39,
	title = {Do list size and remuneration affect GPs' decisions about how they provide consultations?},
	url = {http://www.pubmedcentral.nih.gov/articlerender.fcgi?artid=2654894&tool=pmcentrez&rendertype=abstract},
	urldate = {2013-04-15},
	volume = 9,
	year = 2009
}

@article{Bergmo2005Electronic,
	author = {Bergmo, Trine S. and Kummervold, Per Egil and Gammon, Deede and Dahl, Lauritz Bredrup},
	booktitle = {International Journal of Medical Informatics},
	doi = {10.1016/j.ijmedinf.2005.06.002},
	issn = 13865056,
	journal = {International Journal of Medical Informatics},
	keywords = {Electronic patient-provider communication,Primary care,Randomised controlled trial,Resource use,Secure messaging system},
	month = 9,
	number = 9,
	pages = {705-710},
	title = {Electronic patient-provider communication: Will it offset office visits and telephone consultations in primary care?},
	url = {http://www.ncbi.nlm.nih.gov/pubmed/16095961},
	urldate = {2013-04-22},
	volume = 74,
	year = 2005
}

@article{Bergstrom2011Lecture,
	author = {Bergstrom, Ted},
	keywords = {N.A.},
	pages = {1-12},
	title = {Lecture Notes on Elasticity of Substitution},
	year = 2011
}

@article{Bernardo1979Expected,
	author = {Bernardo, Jose M.},
	booktitle = {The Annals of Statistics},
	doi = {10.1214/aos/1176344689},
	issn = {0090-5364},
	journal = {The Annals of Statistics},
	pages = {686-690},
	title = {Expected Information as Expected Utility},
	url = {http://www.jstor.org/stable/2958753},
	urldate = {2014-03-10},
	volume = 7,
	year = 1979
}

@article{Bernheim1986Common,
	author = {Bernheim, B.Douglas and Whinston, Michael D},
	booktitle = {Econometrica},
	doi = {10.2307/1912844},
	issn = 00129682,
	journal = {Econometrica},
	keywords = {Efficiency,efficiency,principal-agent,remedies,several principals},
	number = 4,
	pages = {923-942},
	title = {Common Agency},
	url = {http://www.jstor.org/stable/10.2307/1912844},
	urldate = {2013-04-15},
	volume = 54,
	year = 1986
}

@article{Bickel1979Descriptive,
	address = {Boston, MA},
	author = {Bickel, P. J. and Lehmann, E. L.},
	booktitle = {Contributions to Statistics, Hajek Memorial Volume},
	doi = {10.1007/978-1-4614-1412-4},
	journal = {Contributions to Statistics, Hajek Memorial Volume},
	pages = {33-40},
	publisher = {Springer US},
	title = {Descriptive statistics for nonparametric models. IV. Spread},
	url = {http://scholar.google.ru/scholar?q=bickel+lehmann+1979+descriptive+statistics+iv+spread&btnG=&hl=ru&as_sdt=0,5#0\nhttp://scholar.google.com/scholar?hl=en&btnG=Search&q=intitle:Descriptive+statistics+for+nonparametric+models.+IV.+Spread#0},
	urldate = {2014-09-30},
	year = 1979
}

@article{Bikhchandani1992Stochastic,
	author = {Bikhchandani, Sushil and Segal, Uzi and Sharma, Sunil},
	booktitle = {Journal of Economic Theory},
	doi = {10.1016/0022-0531(92)90087-X},
	issn = 00220531,
	journal = {Journal of Economic Theory},
	month = 4,
	number = 2,
	pages = {352-377},
	title = {Stochastic dominance under Bayesian learning},
	url = {http://www.sciencedirect.com/science/article/pii/002205319290087X},
	urldate = {2014-06-02},
	volume = 56,
	year = 1992
}

@incollection{Bikhchandani2013Information,
	author = {Bikhchandani, Sushil and Hirshleifer, Jack and Riley, John G.},
	booktitle = {The Analytics of Uncertainty and Information},
	journal = {The Analytics of Uncertainty and Information},
	pages = {169-223},
	title = {Information and Informational Decisions},
	year = 2013
}

@article{Billings1993Impact,
	author = {Billings, J. and Zeitel, L. and Lukomnik, J. and Carey, T. S. and Blank, a. E. and Newman, L.},
	booktitle = {Health Affairs},
	doi = {10.1377/hlthaff.12.1.162},
	issn = 02782715,
	journal = {Health Affairs},
	number = 1,
	pages = {162-173},
	title = {Impact of socioeconomic status on hospital use in New York City},
	volume = 12,
	year = 1993
}

@article{Blackorby1981Morishima,
	author = {Blackorby, Charles and Russell, Rr},
	booktitle = {The Review of Economic Studies},
	doi = {10.2307/2297127},
	issn = {0034-6527},
	journal = {The Review of Economic Studies},
	number = 1,
	pages = {147-158},
	title = {The Morishima elasticity of substitution; symmetry, constancy, separability, and its relationship to the Hicks and Allen elasticities},
	url = {http://www.jstor.org/stable/10.2307/2297127},
	urldate = {2014-01-30},
	volume = 48,
	year = 1981
}

@article{Blackorby1989Will,
	author = {Blackorby, Charles and Russell, Rr},
	booktitle = {The American Economic Review},
	doi = {10.2307/1827940},
	issn = {0002-8282},
	journal = {The American Economic Review},
	number = 4,
	pages = {882-888},
	title = {Will the Real Elasticity of Substitution Please Stand Up? (A Comparison of the Allen/Uzawa and Morishima Elasticities)},
	url = {http://www.jstor.org/stable/10.2307/1827940},
	urldate = {2014-01-29},
	volume = 79,
	year = 1989
}

@article{Blackwell1953Equivalent,
	author = {Blackwell, David},
	booktitle = {The Annals of Mathematical Statistics},
	doi = {10.1214/aoms/1177729032},
	issn = {0003-4851},
	journal = {The Annals of Mathematical Statistics},
	number = 2,
	pages = {265-272},
	title = {Equivalent Comparisons of Experiments},
	url = {http://projecteuclid.org/euclid.aoms/1177729032},
	urldate = {2013-05-31},
	volume = 24,
	year = 1953
}

@article{Blair2013Ventures,
	author = {Blair, Roger D and Herndon, Jill Boylston},
	title = {Ventures : an Economic Analysis},
	volume = 1,
	year = 2013
}

@article{Blomqvist1991Doctor,
	author = {Blomqvist, A.},
	booktitle = {Journal of Health Economics},
	doi = {10.1016/0167-6296(91)90023-G},
	issn = 01676296,
	journal = {Journal of Health Economics},
	pages = {411-432},
	title = {The doctor as double agent: Information asymmetry, health insurance, and medical care},
	url = {http://www.sciencedirect.com/science/article/pii/016762969190023G},
	urldate = {2013-06-28},
	volume = 10,
	year = 1991
}

@article{Bodenheimer1999Primary,
	author = {Bodenheimer, T and Lo, B and Casalino, L},
	booktitle = {JAMA : the journal of the American Medical Association},
	doi = {10.1001/jama.281.21.2045},
	issn = 00987484,
	journal = {JAMA : the journal of the American Medical Association},
	pages = {2045-2049},
	title = {Primary care physicians should be coordinators, not gatekeepers.},
	url = {http://jama.ama-assn.org/content/281/21/2045.short},
	urldate = {2013-04-15},
	volume = 281,
	year = 1999
}

@unpublished{Bond2014Measuring,
	author = {Bond, Philip},
	institution = {University of Washington},
	number = {September},
	school = {University of Washington},
	title = {Measuring the informativeness of economic actions and market prices},
	url = {http://faculty.washington.edu/apbond/research/draft4c.pdf},
	urldate = {2014-10-28},
	year = 2014
}

@article{Boyd1992Punishment,
	author = {Boyd, Robert and Richerson, Peter J.},
	booktitle = {Ethology and Sociobiology},
	doi = {10.1016/0162-3095(92)90032-Y},
	issn = 01623095,
	journal = {Ethology and Sociobiology},
	month = 5,
	number = 3,
	pages = {171-195},
	title = {Punishment allows the evolution of cooperation (or anything else) in sizable groups},
	url = {http://dx.doi.org/10.1016/0162-3095(92)90032-Y},
	urldate = {2013-03-04},
	volume = 13,
	year = 1992
}

@article{Bradford2000Partnerships,
	author = {Bradford, W. D. and Martin, R. E.},
	booktitle = {Review of Industrial Organization},
	doi = {10.1023/A:1007894428368},
	issn = {0889938X},
	journal = {Review of Industrial Organization},
	keywords = {Internal contracting,Partnerships,Physician firms,Quality},
	number = 2,
	pages = {193-208},
	title = {Partnerships, profit sharing, and quality competition in the medical profession},
	volume = 17,
	year = 2000
}

@article{Brekke2010Competition,
	author = {Brekke, Kurt R. and Cellini, Roberto and Siciliani, Luigi and Straume, Odd Rune},
	booktitle = {Journal of Health Economics},
	doi = {10.1016/j.jhealeco.2010.05.004},
	issn = 01676296,
	journal = {Journal of Health Economics},
	keywords = {Competition,Health care markets,Quality},
	month = 7,
	number = 4,
	pages = {508-523},
	title = {Competition and quality in health care markets: A differential-game approach},
	url = {http://www.sciencedirect.com/science/article/pii/S016762961000069X},
	urldate = {2014-11-24},
	volume = 29,
	year = 2010
}

@article{Breyer1987Specification,
	author = {Breyer, F},
	booktitle = {Journal of health economics},
	doi = {10.1016/0167-6296(87)90004-X},
	issn = {0167-6296},
	journal = {Journal of health economics},
	number = 2,
	pages = {147-157},
	title = {The specification of a hospital cost function. A comment on the recent literature.},
	url = {http://www.sciencedirect.com/science/article/pii/016762968790004X},
	volume = 6,
	year = 1987
}

@article{Brocklehurst2013Effect,
	author = {Brocklehurst, Paul and Price, Juliet and Glenny, Anne-Marie and Tickle, Martin and Birch, Stephen and Mertz, Elizabeth and Grytten, Jostein},
	booktitle = {The Cochrane database of systematic reviews},
	doi = {10.1002/14651858.CD009853.pub2},
	issn = {1469-493X},
	journal = {The Cochrane database of systematic reviews},
	keywords = {Adult,Capitation Fee,Child,Dental Care,Dental Care: economics,Dental Care: methods,Dental Care: psychology,Dentists,Dentists: economics,Dentists: psychology,Fee-for-Service Plans,Humans,Randomized Controlled Trials as Topic,Remuneration,Salaries and Fringe Benefits},
	number = 5,
	pages = {CD009853},
	title = {The effect of different methods of remuneration on the behaviour of primary care dentists.},
	url = {http://www.ncbi.nlm.nih.gov/pubmed/24194456},
	volume = 11,
	year = 2013
}

@article{Brown2014Importance,
	author = {Brown, Dustin C. and Hummer, Robert A. and Hayward, Mark D.},
	booktitle = {Population Research and Policy Review},
	doi = {10.1007/s11113-013-9305-6},
	issn = 01675923,
	journal = {Population Research and Policy Review},
	keywords = {Education,Gender,Marriage,Self-rated health,Spousal education,Spouse},
	month = 10,
	pages = {127-151},
	title = {The Importance of Spousal Education for the Self-Rated Health of Married Adults in the United States},
	url = {http://link.springer.com/10.1007/s11113-013-9305-6},
	urldate = {2013-10-29},
	volume = 33,
	year = 2014
}

@article{Bryan2014Healthcare,
	author = {Bryan, Stirling},
	booktitle = {The American Economic Review},
	journal = {The American Economic Review},
	number = 2,
	pages = {10,11},
	title = {Healthcare as an Economic Commodity},
	url = {http://www.jstor.org/stable/10.2307/2006582},
	urldate = {2013-05-13},
	volume = 80,
	year = 2014
}

@article{Camerer1997Labor,
	author = {Camerer, Colin and Babcock, Linda and Loewenstein, George and Thaler, Richard},
	booktitle = {The Quarterly Journal of Economics},
	doi = {10.1162/003355397555244},
	issn = {0033-5533, 1531-4650},
	journal = {The Quarterly Journal of Economics},
	number = 2,
	pages = {407-441},
	publisher = {Oxford University Press},
	title = {Labor Supply of New York City Cabdrivers: One Day at a Time},
	url = {http://qje.oxfordjournals.org/content/112/2/407\nhttp://qje.oxfordjournals.org/content/112/2/407.full.pdf\nhttp://qje.oxfordjournals.org/content/112/2/407.short},
	volume = 112,
	year = 1997
}

@article{Car2004Information,
	author = {Car, Josip and Sheikh, Aziz},
	booktitle = {Bmj},
	doi = {10.1136/bmj.329.7463.439},
	issn = {1756-1833},
	journal = {Bmj},
	pages = {435-438},
	title = {Information in practice effectiveness},
	url = {http://www.bmj.com/highwire/filestream/382569/field_highwire_article_pdf/0/435},
	urldate = {2013-04-23},
	volume = 329,
	year = 2004
}

@article{Carlsen2000Consumer,
	author = {Carlsen, Fredrik and Grytten, Jostein},
	booktitle = {Journal of Health Economics},
	doi = {10.1016/S0167-6296(00)00044-8},
	issn = 01676296,
	journal = {Journal of Health Economics},
	keywords = {Financing,Physicians,Satisfaction,Supplier inducement},
	number = 5,
	pages = {731-753},
	title = {Consumer satisfaction and supplier induced demand},
	url = {http://www.sciencedirect.com/science/article/pii/S0167629600000448},
	volume = 19,
	year = 2000
}

@article{Carlsson1993Global,
	author = {Carlsson, Hans and van Damme, Eric},
	booktitle = {Econometrica: Journal of the Econometric Society},
	doi = {10.2307/2951491},
	issn = 00129682,
	journal = {Econometrica: Journal of the Econometric Society},
	keywords = {common knowledge,equilibrium selection,global games,incomplete information,iterated dominance,payoff uncertainty,risk dominance},
	pages = {989-1018},
	title = {Global games and equilibrium selection},
	url = {http://www.jstor.org/stable/2951491},
	volume = 61,
	year = 1993
}

@article{Cauley1987Time,
	author = {Cauley, Sd},
	booktitle = {The Review of Economics and Statistics},
	journal = {The Review of Economics and Statistics},
	number = 1,
	pages = {59-66},
	title = {The time price of medical care},
	url = {http://www.jstor.org/stable/10.2307/1937901},
	urldate = {2014-02-03},
	volume = 69,
	year = 1987
}

@article{Chambers2003Value,
	author = {Chambers, David W},
	booktitle = {The Journal of the American College of Dentists},
	issn = 00027979,
	journal = {The Journal of the American College of Dentists},
	number = 4,
	pages = {50-54},
	title = {The value of information.},
	url = {http://www.jstor.org/stable/10.2307/243630},
	urldate = {2013-05-06},
	volume = 70,
	year = 2003
}

@article{Chambers2009Supermodularity,
	author = {Chambers, Christopher P. and Echenique, Federico},
	booktitle = {Journal of Economic Theory},
	doi = {10.1016/j.jet.2008.06.004},
	issn = 00220531,
	journal = {Journal of Economic Theory},
	keywords = {Afriat's theorem,Complementarity,Refutability,Revealed preference},
	month = 5,
	number = 3,
	pages = {1004-1014},
	publisher = {Elsevier Inc.},
	title = {Supermodularity and preferences},
	url = {http://linkinghub.elsevier.com/retrieve/pii/S0022053108000859},
	urldate = {2014-10-17},
	volume = 144,
	year = 2009
}

@article{Chandra2007Productivity,
	author = {Chandra, Amitabh and Staiger, Douglas O},
	booktitle = {The journal of political economy},
	doi = {10.1016/j.bbi.2008.05.010},
	issn = {0022-3808},
	journal = {The journal of political economy},
	month = 1,
	pages = {103-140},
	title = {Productivity Spillovers in Healthcare: Evidence From the Treatment of Heart Attacks.},
	url = {http://www.pubmedcentral.nih.gov/articlerender.fcgi?artid=2311510&tool=pmcentrez&rendertype=abstract},
	urldate = {2014-05-23},
	volume = 115,
	year = 2007
}

@article{Chang1996Uncertainty,
	author = {Chang, Fwu Ranq},
	booktitle = {Journal of Health Economics},
	doi = {10.1016/0167-6296(96)00006-9},
	issn = 01676296,
	journal = {Journal of Health Economics},
	keywords = {Absolute risk aversion,Health investment,Portfolio selection},
	number = 3,
	pages = {369-376},
	title = {Uncertainty and investment in health},
	url = {http://www.sciencedirect.com/science/article/pii/0167629696000069},
	volume = 15,
	year = 1996
}

@article{Chassang2010Fear,
	author = {Chassang, Sylvain},
	booktitle = {Econometrica},
	doi = {10.3982/ECTA7324},
	issn = {0012-9682},
	journal = {Econometrica},
	number = 3,
	pages = {973-1006},
	title = {Fear of Miscoordination and the Robustness of Cooperation in Dynamic Global Games With Exit},
	url = {http://doi.wiley.com/10.3982/ECTA7324},
	urldate = {2014-09-16},
	volume = 78,
	year = 2010
}

@article{Christensen1973Transcendental,
	author = {Christensen, Laurits R. and Jorgenson, Dale W and Lau, Lawrence J.},
	booktitle = {The Review of Economics and Statistics},
	doi = {10.2307/1927992},
	issn = {0034-6535},
	journal = {The Review of Economics and Statistics},
	number = 1,
	pages = {28-45},
	title = {Transcendental logarithmic production frontiers},
	url = {http://www.jstor.org/stable/10.2307/1927992},
	urldate = {2014-01-28},
	volume = 55,
	year = 1973
}

@article{Christev2009Note,
	author = {Christev, Atanas and Featherstone, Allen M.},
	booktitle = {Applied Economics Letters},
	doi = {10.1080/13504850701367130},
	issn = {1350-4851},
	journal = {Applied Economics Letters},
	keywords = {Translog Cost Function,elasticity of substitution},
	number = 2712,
	pages = {1165-1169},
	title = {A note on Allen-Uzawa partial elasticities of substitution: the case of the translog cost function},
	url = {http://www.econstor.eu/handle/10419/34274},
	urldate = {2013-08-08},
	volume = 16,
	year = 2009
}

@book{Christiansen2002Demand,
	author = {Christiansen, T and Lauridsen, J and Kamper-Jørgensen, F and Universitet, S},
	publisher = {Syddansk Universitet},
	title = {Demand for private health insurance and demand for health care by privately and non-privately insured in Denmark},
	year = 2002
}

@article{Claxton1999Bayesian,
	author = {Claxton, Karl},
	booktitle = {Health Economics},
	issn = {1057-9230},
	journal = {Health Economics},
	keywords = {bayesian decision theory,statistical methods,the value of information},
	number = {December 1998},
	pages = {269-274},
	title = {Bayesian approaches to the value of information: implications for the regulation of new pharmaceuticals},
	url = {http://mres.gmu.edu/readings/BayesianArticles/Claxton1999.pdf},
	urldate = {2014-03-10},
	volume = 8,
	year = 1999
}

@article{Cochrane2005Writing,
	author = {Cochrane, John H},
	booktitle = {Organization},
	doi = {10.1016/j.tics.2010.07.005},
	issn = 13646613,
	journal = {Organization},
	pages = 13,
	title = {Writing Tips for Ph . D . Students},
	url = {http://faculty.chicagobooth.edu/john.cochrane/research/Papers/phd_paper_writing.pdf},
	urldate = {2013-10-03},
	volume = 14,
	year = 2005
}

@article{Coffey1983Effect,
	author = {Coffey, Rosanna M.},
	booktitle = {The Journal of Human Resources},
	doi = {10.2307/145209},
	issn = {0022-166X},
	journal = {The Journal of Human Resources},
	number = 3,
	pages = {407-424},
	title = {The Effect of Time Price on the Demand for \{Medical-Care\} Services},
	url = {http://www.jstor.org/stable/145209\nhttp://www.jstor.org/stable/145209?origin=crossref},
	urldate = {2013-08-09},
	volume = 18,
	year = 1983
}

@article{Communication2005Effect,
	author = {Communication, Internet and Communication, Internet},
	booktitle = {Journal of the American Medical Informatics Association},
	doi = {10.1197/jamia.M1778.j},
	journal = {Journal of the American Medical Informatics Association},
	pages = {530-536},
	title = {Effect of an Internet-Based System for Doctor-Patient Communication on Health Care Spending},
	url = {http://171.67.114.118/content/12/5/530.abstract},
	urldate = {2013-04-22},
	year = 2005
}

@article{Cooper1987MultiPeriod,
	author = {Cooper, Russell and Hayes, Beth},
	booktitle = {International Journal of Industrial Organization},
	doi = {10.1016/S0167-7187(87)80020-6},
	issn = 01677187,
	journal = {International Journal of Industrial Organization},
	month = 1,
	number = {February 1984},
	pages = {211-231},
	title = {Multi-period insurance contracts},
	url = {http://www.sciencedirect.com/science/article/pii/S0167718787800206},
	urldate = {2014-02-13},
	volume = 5,
	year = 1987
}

@article{Cooper2011Does,
	author = {Cooper, Zack and Gibbons, Stephen and Jones, Simon and Mcguire, Alistair},
	booktitle = {Economic Journal},
	doi = {10.1111/j.1468-0297.2011.02449.x},
	issn = 00130133,
	journal = {Economic Journal},
	month = 8,
	number = 554,
	pages = {F228--F260},
	title = {Does hospital competition save lives? Evidence from the English NHS patient choice reforms},
	url = {http://doi.wiley.com/10.1111/j.1468-0297.2011.02449.x},
	urldate = {2014-05-23},
	volume = 121,
	year = 2011
}

@article{Coppola2011Primary,
	author = {Coppola, Wgt and Hawthorne, K},
	booktitle = {Primary Care},
	doi = {10.1037/e585772011-004},
	journal = {Primary Care},
	pages = {1-6},
	title = {Primary Care},
	url = {http://discovery.ucl.ac.uk/1352055/},
	volume = 326,
	year = 2011
}

@article{Couturier2000Effects,
	author = {Chaix-Couturier, C and Durand-Zaleski, I and Jolly, D and Durieux, P},
	booktitle = {International journal for quality in health care : journal of the International Society for Quality in Health Care / ISQua},
	doi = {10.1093/intqhc/12.2.133},
	issn = {1353-4505},
	journal = {International journal for quality in health care : journal of the International Society for Quality in Health Care / ISQua},
	keywords = {Capitation Fee,Diagnosis-Related Groups,Fee-for-Service Plans,Fee-for-Service Plans: economics,Incentive,Managed Care Programs,Managed Care Programs: economics,Physician Incentive Plans,Physician Incentive Plans: economics,Physician's Practice Patterns,Physician's Practice Patterns: economics,Reimbursement,capitation fee,physician incentive plans},
	month = 4,
	number = 2,
	pages = {133-142},
	title = {Effects of financial incentives on medical practice: results from a systematic review of the literature and methodological issues.},
	url = {http://www.ncbi.nlm.nih.gov/pubmed/10830670},
	volume = 12,
	year = 2000
}

@article{Cremer1982Simple,
	author = {Crémer, J},
	booktitle = {Journal of Economic Theory},
	journal = {Journal of Economic Theory},
	pages = {439-443},
	title = {A simple proof of Blackwell's “comparison of experiments” theorem},
	url = {http://www.sciencedirect.com/science/article/pii/0022053182900400},
	urldate = {2014-06-04},
	volume = 4391143,
	year = 1982
}

@article{Crew1969Coinsurance,
	author = {Crew, M},
	booktitle = {The American Economic Review},
	doi = {10.2307/1810685},
	issn = {0002-8282},
	journal = {The American Economic Review},
	number = 5,
	pages = {906-908},
	title = {Coinsurance and the welfare economics of medical care},
	url = {http://www.jstor.org/stable/10.2307/1810685},
	urldate = {2013-04-15},
	volume = 59,
	year = 1969
}

@article{Cromwell1986PhysicianInduced,
	author = {Cromwell, J and Mitchell, J B},
	booktitle = {Journal of health economics},
	doi = {10.1016/0167-6296(86)90006-8},
	issn = 01676296,
	journal = {Journal of health economics},
	number = 95,
	pages = {293-313},
	title = {Physician-induced demand for surgery.},
	url = {http://www.sciencedirect.com/science/article/pii/0167629686900068},
	urldate = {2013-03-25},
	volume = 5,
	year = 1986
}

@article{Currie2008First,
	author = {Currie, Janet and MacLeod, W Bentley},
	booktitle = {Quarterly Journal of Economics},
	doi = {10.1162/qjec.2008.123.2.795},
	issn = {0033-5533},
	journal = {Quarterly Journal of Economics},
	month = 5,
	number = 2,
	pages = {795-830},
	publisher = {Oxford University Press},
	title = {First Do No Harm? Tort Reform and Birth Outcomes},
	url = {http://www.mitpressjournals.org/doi/abs/10.1162/qjec.2008.123.2.795},
	urldate = {2014-05-23},
	volume = 123,
	year = 2008
}

@unpublished{Currie2012Using,
	author = {Currie, Janet and Lin, Wanchuan and Meng, Juanjuan},
	booktitle = {National Bureau of Economic Research Working Paper Series},
	journal = {National Bureau of Economic Research Working Paper Series},
	number = 70903003,
	title = {Using Audit Studies to Test for Physician Induced Demand: The Case of Antibiotic Abuse in China},
	url = {http://www.nber.org/papers/w18153\nhttp://www.nber.org/papers/w18153.pdf},
	urldate = {2014-09-09},
	volume = {No. 18153},
	year = 2012
}

@techreport{DanskeRegioner2007Organisering,
	author = {{Danske Regioner}},
	number = {November},
	title = {Organisering af almen praksis delrapport: almen praksis i fremtidens sundhedsvæsen},
	year = 2007
}

@unpublished{David2010Effects,
	author = {David, Guy and Markowitz, Sara and Richards-Shubik, Seth},
	booktitle = {American Economic Journal: Economic Policy},
	doi = {10.1257/pol.2.4.1},
	issn = {1945-7731},
	journal = {American Economic Journal: Economic Policy},
	month = 1,
	pages = {1-25},
	title = {The Effects of Pharmaceutical Marketing and Promotion on Adverse Drug Events and Regulation},
	url = {http://www.nber.org/papers/w14634},
	urldate = {2014-05-23},
	volume = 2,
	year = 2010
}

@article{Davis1972Substitution,
	author = {Davis, Karen and Russell, Lb},
	booktitle = {The Review of Economics and Statistics},
	journal = {The Review of Economics and Statistics},
	number = 2,
	pages = {109-120},
	title = {The substitution of hospital outpatient care for inpatient care},
	url = {http://www.jstor.org/stable/10.2307/1926271},
	urldate = {2014-02-03},
	volume = 54,
	year = 1972
}

@article{Deb2000Estimates,
	author = {Deb, P and Holmes, Ann M.},
	booktitle = {Health economics},
	issn = {1057-9230},
	journal = {Health economics},
	keywords = {80 and over,Adolescent,Adult,Aged,Binomial Distribution,Data Interpretation,Econometric,Female,Finite Element Analysis,Finite Element Analysis: standards,Health Expenditures,Health Expenditures: statistics \& numerical data,Health Services Needs and Demand,Health Services Needs and Demand: statistics \& num,Humans,Male,Mental Disorders,Mental Disorders: classification,Mental Disorders: economics,Mental Health Services,Mental Health Services: economics,Mental Health Services: utilization,Middle Aged,Models,Regression Analysis,Reproducibility of Results,Severity of Illness Index,Statistical,United States,models},
	month = 9,
	number = 6,
	pages = {475-489},
	title = {Estimates of use and costs of behavioural health care: a comparison of standard and finite mixture models.},
	url = {http://www.ncbi.nlm.nih.gov/pubmed/10983002},
	volume = 9,
	year = 2000
}

@article{Delattre2003Fixed,
	author = {Delattre, Eric and Dormont, Brigitte},
	booktitle = {Health Economics},
	doi = {10.1002/hec.823},
	issn = 10579230,
	journal = {Health Economics},
	keywords = {French physicians,GMM,Panel data,Physician-induced demand},
	number = 9,
	pages = {741-754},
	publisher = {John Wiley \& Sons, Ltd.},
	title = {Fixed fees and physician-induced demand: A panel data study on French physicians},
	url = {http://dx.doi.org/10.1002/hec.823},
	volume = 12,
	year = 2003
}

@article{Desgagne2001Incentives,
	author = {Sinclair-Desgagné, B and Series, Scientific},
	booktitle = {CIRANO Working Papers},
	journal = {CIRANO Working Papers},
	keywords = {Commen Agency},
	pages = 8,
	title = {Incentives in common agency},
	url = {http://ideas.repec.org/p/cir/cirwor/2001s-66.html},
	urldate = {2013-03-26},
	volume = 1,
	year = 2001
}

@article{Devlin2013Practice,
	author = {Devlin, Rose Anne and Hogg, William and Zhong, Jianwei and Shortt, Michael and Dahrouge, Simone and Russell, Grant},
	booktitle = {BMC health services research},
	doi = {10.1186/1472-6963-13-446},
	issn = {1472-6963},
	journal = {BMC health services research},
	keywords = {Group size,Quality measures,Revenue sharing,group size,quality measures,revenue sharing},
	month = 10,
	number = 1,
	pages = 446,
	title = {Practice size, financial sharing and quality of care.},
	url = {http://www.pubmedcentral.nih.gov/articlerender.fcgi?artid=3819507&tool=pmcentrez&rendertype=abstract},
	urldate = {2013-11-05},
	volume = 13,
	year = 2013
}

@article{Dewatripont1999Economics,
	author = {Dewatripont, Mathias and Jewitt, Ian and Tirole, Jean},
	booktitle = {The Review of Economic Studies},
	doi = {10.1111/1467-937X.00084},
	issn = {0034-6527},
	journal = {The Review of Economic Studies},
	keywords = {Career concerns,PIMO,Worse before better},
	month = 1,
	number = 1,
	pages = {183-198},
	title = {The Economics of Career Concerns, Part I: Comparing Information Structures},
	url = {http://www.jstor.org/stable/2566955},
	urldate = {2014-10-28},
	volume = 66,
	year = 1999
}

@misc{Dewatripont2005Modes,
	author = {Dewatripont, Mathias and Tirole, Jean},
	booktitle = {Journal of Political Economy},
	doi = {10.1086/497999},
	issn = {0022-3808},
	journal = {Journal of Political Economy},
	number = 6,
	pages = {1217-1238},
	title = {Modes of Communication},
	volume = 113,
	year = 2005
}

@article{Diamond1974Increases,
	author = {Diamond, Pa and Stiglitz, J},
	booktitle = {Journal of Economic Theory},
	doi = {10.1016/0022-0531(74)90090-8},
	issn = 00220531,
	journal = {Journal of Economic Theory},
	pages = {337-360},
	title = {Increases in risk and in risk aversion},
	url = {http://scholar.google.com/scholar?hl=en&btnG=Search&q=intitle:Increases+in+risk+and+in+risk+aversion#0},
	urldate = {2014-05-28},
	year = 1974
}

@article{Diamond1986Playing,
	author = {Diamond, G a and Rozanski, a and Steuer, M},
	booktitle = {Journal of chronic diseases},
	doi = {10.1016/0021-9681(86)90148-7},
	issn = 00219681,
	journal = {Journal of chronic diseases},
	number = 9,
	pages = {669-682},
	title = {Playing doctor: application of game theory to medical decision-making.},
	url = {http://www.sciencedirect.com/science/article/pii/0021968186901487},
	urldate = {2013-03-26},
	volume = 39,
	year = 1986
}

@article{Diewert1971Application,
	author = {Diewert, W. E.},
	booktitle = {Journal of Political Economy},
	doi = {10.1086/259764},
	issn = {0022-3808},
	journal = {Journal of Political Economy},
	number = 3,
	pages = 481,
	title = {An Application of the Shephard Duality Theorem: A Generalized Leontief Production Function},
	url = {http://www.jstor.org/stable/10.2307/1830768},
	urldate = {2014-01-27},
	volume = 79,
	year = 1971
}

@article{Dijk2013Moral,
	author = {van Dijk, Christel E and van den Berg, Bernard and Verheij, Robert a and Spreeuwenberg, Peter and Groenewegen, Peter P and de Bakker, Dinny H},
	booktitle = {Health economics},
	doi = {10.1002/hec.2801},
	issn = {1099-1050},
	journal = {Health economics},
	keywords = {Adolescent,Adult,Age Distribution,Aged,Cost Sharing,Cost Sharing: economics,Cost Sharing: ethics,Cost Sharing: trends,General Practice,General Practice: economics,General Practice: ethics,General Practice: trends,Health Services,Health Services Needs and Demand,Health Services Needs and Demand: economics,Health Services Needs and Demand: ethics,Health Services: economics,Health Services: ethics,Health Services: trends,Health Services: utilization,Humans,Managed Competition,Managed Competition: ethics,Managed Competition: trends,Middle Aged,Models, Econometric,Netherlands,Physician's Practice Patterns,Physician's Practice Patterns: economics,Physician's Practice Patterns: ethics,Physician's Practice Patterns: trends,Poisson Distribution,Reimbursement Mechanisms,Reimbursement Mechanisms: ethics,Reimbursement Mechanisms: trends,Social Security,Social Security: economics,Social Security: ethics,Young Adult},
	month = 3,
	number = 3,
	pages = {340-52},
	title = {Moral hazard and supplier-induced demand: empirical evidence in general practice.},
	url = {http://www.ncbi.nlm.nih.gov/pubmed/22344712},
	urldate = {2014-12-01},
	volume = 22,
	year = 2013
}

@incollection{Dinardo2008Natural,
	address = {Basingstoke},
	author = {Dinardo, J. and Blume, Lawrence E.},
	booktitle = {The New Palgrave Dictionary of Economics},
	doi = {10.1057/b.9780631218234.2008.X},
	journal = {The New Palgrave Dictionary of Economics},
	keywords = {experiment,natural experiments,quasi-natural experiments,randomization,regression discontinuity design,returns to schooling,social experiments,treatment},
	month = 2,
	number = 1944,
	pages = {1-15},
	publisher = {Nature Publishing Group},
	title = {Natural experiments and quasi-natural experiments},
	url = {http://www.dictionaryofeconomics.com/article?id=pde2008},
	urldate = {2014-09-16},
	year = 2008
}

@article{Dine2012Moral,
	author = {Aron-Dine, Aviva and Einav, Liran and Finkelstein, Amy and Cullen, Mark},
	keywords = {Health insurance,dynamic incentives,forward looking behavior,moral hazard},
	number = {November},
	pages = {1-58},
	title = {Moral hazard in health insurance: How important is forward looking behavior?},
	url = {http://www.nber.org/aging/rrc/papers/onb12-15.ack},
	urldate = {2013-04-19},
	year = 2012
}

@article{Donaldson1989Paying,
	author = {Donaldson, C and Gerard, K},
	booktitle = {The Journal of the Royal College of General Practitioners},
	issn = {0035-8797},
	journal = {The Journal of the Royal College of General Practitioners},
	number = 320,
	pages = {114-117},
	publisher = {Royal College of General Practitioners},
	title = {Paying general practitioners: shedding light on the review of health services.},
	volume = 39,
	year = 1989
}

@article{Donnell2000Variation,
	author = {O'Donnell, CA},
	booktitle = {Family practice},
	doi = {10.1093/fampra/17.6.462},
	issn = {0263-2136},
	journal = {Family practice},
	keywords = {Decision Making,Family Practice,Family Practice: statistics \& numerical data,Female,Great Britain,Humans,Male,Physician's Practice Patterns,Physician's Practice Patterns: statistics \& numeri,Referral and Consultation,Referral and Consultation: statistics \& numerical,Referral and Consultation: utilization,Social Class},
	month = 12,
	number = 6,
	pages = {462-471},
	title = {Variation in GP referral rates: what can we learn from the literature?},
	url = {http://www.ncbi.nlm.nih.gov/pubmed/11120716},
	volume = 17,
	year = 2000
}

@article{Dranove1988Demand,
	author = {Dranove, D},
	booktitle = {Economic inquiry},
	doi = {10.1111/j.1465-7295.1988.tb01494.x},
	issn = {0095-2583},
	journal = {Economic inquiry},
	keywords = {Health Services Needs and Demand,Health Services Research,Humans,Models,Persuasive Communication,Physician's Practice Patterns,Physician-Patient Relations,Stochastic Processes,Theoretical,United States,models},
	month = 4,
	number = 2,
	pages = {281-298},
	title = {Demand inducement and the physician/patient relationship.},
	url = {http://www.ncbi.nlm.nih.gov/pubmed/10287407},
	volume = 26,
	year = 1988
}

@article{Dranove1994PhysicianInduced,
	author = {Dranove, D and Wehner, P},
	booktitle = {Journal of health economics},
	doi = {10.1016/0167-6296(94)90004-3},
	issn = 01676296,
	journal = {Journal of health economics},
	keywords = {Birth Rate,Cross-Sectional Studies,Data Collection,Female,Health Services Needs and Demand,Health Services Needs and Demand: statistics \& num,Health Services Research,Health Services Research: methods,Humans,Income,Least-Squares Analysis,Obstetrics,Obstetrics: economics,Obstetrics: manpower,Obstetrics: statistics \& numerical data,Physician supply,Pregnancy,Reproducibility of Results,SID,United States},
	month = 3,
	number = 1,
	pages = {61-73},
	title = {Physician-induced demand for childbirths.},
	url = {http://www.sciencedirect.com/science/article/pii/0167629694900043,http://www.ncbi.nlm.nih.gov/pubmed/10134439},
	volume = 13,
	year = 1994
}

@techreport{Dranove2003Is,
	address = {Cambridge, MA},
	author = {Dranove, David and Kessler, Daniel and McClellan, Mark and Satterthwaite, Mark},
	booktitle = {Journal of Political Economy},
	doi = {10.1086/374180},
	institution = {National Bureau of Economic Research},
	issn = {0022-3808},
	journal = {Journal of Political Economy},
	month = 1,
	pages = {555-588},
	school = {National Bureau of Economic Research},
	title = {Is More Information Better? The Effects of "Report Cards" on Health Care Providers},
	url = {http://www.nber.org/papers/w8697,http://www.nber.org/papers/w8697.pdf},
	urldate = {2014-09-22},
	volume = 111,
	year = 2003
}

@article{Dretske1971Reasons,
	author = {Dretske, Fred I.},
	booktitle = {Philosophy of Science},
	doi = {10.1086/288355},
	issn = {0031-8248},
	journal = {Philosophy of Science},
	number = 2,
	pages = 216,
	title = {Reasons, Knowledge, and Probability},
	url = {http://www.jstor.org/stable/2023164},
	urldate = {2014-04-09},
	volume = 38,
	year = 1971
}

@article{Dugdale1999Time,
	author = {Dugdale, D C and Epstein, R and Pantilat, S Z},
	booktitle = {Journal of general internal medicine},
	doi = {10.1046/j.1525-1497.1999.00263.x},
	issn = {0884-8734},
	journal = {Journal of general internal medicine},
	keywords = {Chronic Disease,Delivery of Health Care,Humans,Job Satisfaction,Malpractice,Managed Care Programs,Managed Care Programs: standards,Managed Care Programs: trends,Patient Satisfaction,Physician's Practice Patterns,Physician's Practice Patterns: standards,Physician's Practice Patterns: trends,Physician-Patient Relations,Risk Management,Time Factors,United States},
	month = 1,
	pages = {S34-S40},
	title = {Time and the patient-physician relationship.},
	url = {http://www.pubmedcentral.nih.gov/articlerender.fcgi?artid=1496869&tool=pmcentrez&rendertype=abstract},
	urldate = {2014-05-20},
	volume = {14 Suppl 1},
	year = 1999
}

@article{Dustmann2000Wages,
	author = {Dustmann, Christian},
	number = 171,
	title = {Wages and the Demand for Health - A Life Cycle Analysis},
	year = 2000
}

@article{Dutta2011From,
	author = {Dutta, Antara},
	booktitle = {Review of Economics and Statistics},
	doi = {10.1162/REST\_a\_00056},
	issn = {0034-6535},
	journal = {Review of Economics and Statistics},
	month = 1,
	number = {February},
	pages = {160-178},
	publisher = {The MIT Press},
	title = {From Free Entry to Patent Protection: Welfare Implications for the Indian Pharmaceutical Industry},
	url = {http://www.mitpressjournals.org/doi/abs/10.1162/REST_a_00056#.U380UvmSzSY,http://www.mitpressjournals.org/doi/abs/10.1162/REST_a_00056},
	urldate = {2014-05-23},
	volume = 93,
	year = 2011
}

@article{Edlin1998Strict,
	author = {Edlin, Aaron S. and Shannon, Chris},
	booktitle = {Journal of Economic Theory},
	doi = {10.1006/jeth.1998.2405},
	issn = 00220531,
	journal = {Journal of Economic Theory},
	pages = {201-219},
	title = {Strict Monotonicity in Comparative Statics},
	url = {http://www.sciencedirect.com/science/article/pii/S002205319892405X},
	volume = 81,
	year = 1998
}

@article{Eeckhoudt2000Risk,
	author = {Eeckhoudt, Louis and Godfroid, Philippe},
	booktitle = {The Journal of Economic Education},
	doi = {10.1080/00220480009596456},
	issn = {0022-0485},
	journal = {The Journal of Economic Education},
	month = 1,
	number = 4,
	pages = {382-388},
	title = {Risk Aversion and the Value of Information},
	url = {http://www.jstor.org/stable/1183152?origin=crossref},
	urldate = {2014-10-30},
	volume = 31,
	year = 2000
}

@inproceedings{Eldabi2009Implementation,
	author = {Eldabi, Tillal},
	booktitle = {Proceedings - Winter Simulation Conference},
	doi = {10.1109/WSC.2009.5429192},
	issn = 08917736,
	journal = {Proceedings - Winter Simulation Conference},
	keywords = {Supply},
	pages = {1831-1839},
	publisher = {Winter Simulation Conference},
	series = {WSC '09},
	title = {Implementation issues of modeling healthcare problems: Misconceptions and lessons},
	url = {http://dl.acm.org/citation.cfm?id=1995456.1995710},
	year = 2009
}

@article{Ellis1990Optimal,
	author = {Ellis, Rp and McGuire, Thomas G},
	booktitle = {Journal of health economics},
	journal = {Journal of health economics},
	number = 1990,
	pages = {375-396},
	title = {Optimal Payment Systems for Health Services},
	url = {http://www.sciencedirect.com/science/article/pii/016762969090001J},
	urldate = {2013-03-25},
	volume = 9,
	year = 1990
}

@article{Emanuel1995Preserving,
	author = {Emanuel, E J and Dubler, N N},
	booktitle = {JAMA : the journal of the American Medical Association},
	doi = {10.1001/jama.273.4.323},
	issn = 00987484,
	journal = {JAMA : the journal of the American Medical Association},
	keywords = {Analytical Approach,Empirical Approach,Health Care and Public Health,Professional Patient Relationship},
	month = 1,
	number = 4,
	pages = {323-329},
	title = {Preserving the physician-patient relationship in the era of managed care.},
	url = {http://www.ncbi.nlm.nih.gov/pubmed/7815662},
	urldate = {2014-11-11},
	volume = 273,
	year = 1995
}

@article{Engstroem2001Is,
	author = {Engström, S and Foldevi, M and Borgquist, L},
	booktitle = {Scandinavian journal of primary health care},
	doi = {10.1080/028134301750235394},
	issn = {0281-3432},
	journal = {Scandinavian journal of primary health care},
	keywords = {Cost-Benefit Analysis,Family Practice,Family Practice: economics,Family Practice: organization \& administration,Family Practice: standards,Health Care Costs,Health Care Rationing,Humans,Quality of Health Care,Sweden,Treatment Outcome},
	month = 6,
	number = 2,
	pages = {131-144},
	title = {Is general practice effective? A systematic literature review.},
	url = {http://www.ncbi.nlm.nih.gov/pubmed/11482415},
	volume = 19,
	year = 2001
}

@article{Epstein2006Axiomatic,
	author = {Epstein, Larry G.},
	booktitle = {Review of Economic Studies},
	doi = {10.1111/j.1467-937X.2006.00381.x},
	issn = 00346527,
	journal = {Review of Economic Studies},
	month = 4,
	number = 2,
	pages = {413-436},
	title = {An axiomatic model of non-Bayesian updating},
	url = {http://restud.oxfordjournals.org/lookup/doi/10.1111/j.1467-937X.2006.00381.x,http://restud.oxfordjournals.org/content/73/2/413.short},
	urldate = {2014-03-11},
	volume = 73,
	year = 2006
}

@article{Epstein2008NonBayesian,
	author = {Epstein, Lg and Noor, J and Sandroni, a},
	booktitle = {Theoretical Economics},
	issn = {1555-7561},
	journal = {Theoretical Economics},
	pages = {193-229},
	title = {Non-Bayesian updating : a theoretical framework},
	url = {http://econtheory.org/ojs/index.php/te/article/viewArticle/20080193/0},
	urldate = {2014-03-11},
	volume = 3,
	year = 2008
}

@article{Escarce1998Physician,
	author = {Escarce, José J. and Pauly, Mark V.},
	booktitle = {Journal of Health Economics},
	doi = {10.1016/S0167-6296(97)00030-1},
	issn = 01676296,
	journal = {Journal of Health Economics},
	keywords = {Cost functions,Economies of scale,Physician costs},
	number = 2,
	pages = {129-151},
	title = {Physician opportunity costs in physician practice cost functions},
	url = {http://www.sciencedirect.com/science/article/pii/S0167629697000301},
	volume = 17,
	year = 1998
}

@article{Evans1974SupplierInduced,
	author = {G.Evans, Robert},
	booktitle = {The Economics of Health and Medical Care de Perlman},
	journal = {The Economics of Health and Medical Care de Perlman},
	pages = {162-172},
	title = {Supplier-Induced Demand : Some Empirical Evidence and Implications},
	volume = 6,
	year = 1974
}

@article{Evans2012Estimating,
	author = {Evans, William N. and Garthwaite, Craig L.},
	booktitle = {Review of Economics and Statistics},
	doi = {10.1162/REST\_a\_00198},
	issn = {0034-6535},
	journal = {Review of Economics and Statistics},
	month = 8,
	number = 3,
	pages = {635-649},
	publisher = {The MIT Press},
	title = {Estimating Heterogeneity in the Benefits of Medical Treatment Intensity},
	url = {http://www.mitpressjournals.org/doi/abs/10.1162/REST_a_00198#.U38vavmSzSY},
	urldate = {2014-05-23},
	volume = 94,
	year = 2012
}

@book{Everts2003Identifying,
	author = {Everts, Elisa},
	booktitle = {Humor - International Journal of Humor Research},
	doi = {10.1515/humr.2003.021},
	issn = {0933-1719},
	journal = {Humor - International Journal of Humor Research},
	keywords = {#Books,.teórico,ESTadística,Econometrics,Handbook,Manuals,Master Thesis,Most Referred,Multinivel,Panel,Textbook,book,econometria,economics,manual,nshap},
	pages = 752,
	title = {Identifying a particular family humor style: A sociolinguistic discourse analysis},
	url = {http://books.google.com/books?hl=en&amp;lr=&amp;id=cdBPOJUP4VsC&amp;oi=fnd&amp;pg=PA1&amp;dq=Econometric+Analysis+of+Cross+Section+and+Panel+Data&amp;ots=jabbMTk6sf&amp;sig=lBc6Dsy959N2dTJD42bbNQoBzEY,http://books.google.com/books?hl=en&lr=&id=cdBPOJUP4Vs},
	urldate = {2013-07-16},
	volume = 16,
	year = 2003
}

@misc{Feinberg2005Uncertainty,
	author = {Feinberg, Yossi and Skrzypacz, Andrzej},
	booktitle = {Econometrica},
	doi = {10.1111/j.1468-0262.2005.00565.x},
	issn = {0012-9682},
	journal = {Econometrica},
	pages = {69-91},
	title = {Uncertainty about Uncertainty and Delay in Bargaining},
	volume = 73,
	year = 2005
}

@article{Fetter1991Diagnosis,
	author = {Fetter, R. B.},
	booktitle = {Interfaces},
	doi = {10.1287/inte.21.1.6},
	issn = {0092-2102},
	journal = {Interfaces},
	keywords = {cost benefit analysis,health care: hospitals},
	month = 2,
	number = 1,
	pages = {6-26},
	publisher = {INFORMS},
	title = {Diagnosis Related Groups: Understanding Hospital Performance},
	url = {http://pubsonline.informs.org/doi/abs/10.1287/inte.21.1.6},
	urldate = {2014-05-01},
	volume = 21,
	year = 1991
}

@article{Finkelstein2004Static,
	author = {Finkelstein, Amy},
	booktitle = {The Quarterly Journal of Economics},
	doi = {10.1162/0033553041382166},
	issn = {0033-5533},
	journal = {The Quarterly Journal of Economics},
	month = 5,
	number = 2,
	pages = {527-564},
	publisher = {Oxford University Press},
	title = {Static and dynamic effects of health policy: evidence from the vaccine industry},
	url = {http://qje.oxfordjournals.org/content/119/2/527.abstract},
	urldate = {2014-05-23},
	volume = 119,
	year = 2004
}

@article{ForeningenAfSpeciallaeger2008Omkostnings,
	author = {{Foreningen af Speciallæger}},
	title = {Omkostnings- og indtjeningsundersøgelse af speciallægepraksis 2008},
	year = 2008
}

@article{Forrest1998Entry,
	author = {Forrest, Christopher B. and Starfield, Barbara},
	booktitle = {American Journal of Public Health},
	doi = {10.2105/AJPH.88.9.1330},
	issn = 00900036,
	journal = {American Journal of Public Health},
	keywords = {Adolescent,Adult,Aged,Ambulatory Care,Ambulatory Care: statistics \& numerical data,Ambulatory Care: utilization,Child,Continuity of Patient Care,Continuity of Patient Care: statistics \& numerical,Female,Health Services Accessibility,Health Status,Health Surveys,Humans,Infant,Logistic Models,Male,Middle Aged,Patient Acceptance of Health Care,Patient Acceptance of Health Care: statistics \& nu,Poverty,Preschool,Primary Health Care,Primary Health Care: statistics \& numerical data,Primary Health Care: utilization,United States},
	month = 9,
	number = 9,
	pages = {1330-1336},
	title = {Entry into primary care and continuity: The effects of access},
	url = {http://www.pubmedcentral.nih.gov/articlerender.fcgi?artid=1509069&tool=pmcentrez&rendertype=abstract},
	volume = 88,
	year = 1998
}

@article{Frank2004Behavioral,
	author = {Frank, Rg Richard G},
	booktitle = {Chemistry \& …},
	journal = {Chemistry \& …},
	month = 11,
	pages = {1-39},
	title = {Behavioral Economics and Health Economics},
	url = {http://onlinelibrary.wiley.com/doi/10.1002/cbdv.200490137/abstract\nhttp://www.nber.org/papers/w10881},
	urldate = {2013-03-25},
	year = 2004
}

@article{Frondel2010Substitution,
	author = {Frondel, Manuel},
	number = 33,
	title = {Substitution elasticities: A theoretical and empirical comparison},
	url = {https://eldorado.tu-dortmund.de/handle/2003/27363},
	urldate = {2014-01-29},
	year = 2010
}

@article{Gabel1985Reducing,
	author = {Gabel, J R and Rice, T H},
	booktitle = {Journal of health politics, policy and law},
	doi = {10.1215/03616878-9-4-595},
	issn = {0361-6878},
	journal = {Journal of health politics, policy and law},
	keywords = {Cost Control,Fee Schedules,Health,Health Expenditures,Health Services Accessibility,Health Services Accessibility: economics,Humans,Insurance,Medicaid,Medicare,North Carolina,Physician Services,Primary Health Care,Primary Health Care: economics,Reimbursement,United States},
	month = 1,
	number = 4,
	pages = {595-609},
	title = {Reducing public expenditures for physician services: the price of paying less.},
	url = {http://www.ncbi.nlm.nih.gov/pubmed/3919082},
	volume = 9,
	year = 1985
}

@article{Garthwaite2012Doctor,
	author = {Garthwaite, Craig L.},
	booktitle = {American Economic Journal: Economic Policy},
	doi = {10.1257/pol.4.3.190},
	institution = {National Bureau of Economic Research},
	issn = 19457731,
	journal = {American Economic Journal: Economic Policy},
	month = 5,
	number = 17070,
	pages = {190-215},
	school = {National Bureau of Economic Research},
	shorttitle = {The Doctor Might See You Now},
	title = {The doctor might see you now: The supply side effects of public health insurance expansions},
	url = {http://www.nber.org/papers/w17070},
	urldate = {2014-05-23},
	volume = 4,
	year = 2012
}

@article{Gaynor1989Competition,
	author = {Gaynor, Martin},
	booktitle = {The Rand journal of economics},
	issn = {0741-6261},
	journal = {The Rand journal of economics},
	number = 1,
	pages = {59-76},
	title = {Competition within the firm: theory plus some evidence from medical group practice.},
	volume = 20,
	year = 1989
}

@article{Gaynor1990Compensation,
	author = {Gaynor, Martin and Pauly, Mark V.},
	booktitle = {Journal of Political Economy},
	doi = {10.1086/261694},
	issn = {0022-3808},
	journal = {Journal of Political Economy},
	number = 3,
	pages = 544,
	publisher = {The University of Chicago Press},
	title = {Compensation and Productive Efficiency in Partnerships: Evidence from Medical Groups Practice},
	url = {http://www.jstor.org/stable/2937699},
	volume = 98,
	year = 1990
}

@article{Gaynor1995Moral,
	author = {Gaynor, Martin and Gertler, Paul},
	booktitle = {The RAND Journal of Economics},
	doi = {10.2307/2556008},
	issn = 07416261,
	journal = {The RAND Journal of Economics},
	number = 4,
	pages = {591-613},
	publisher = {RAND Corporation},
	title = {Moral hazard and risk spreading in partnerships},
	url = {http://dx.doi.org/10.2307/2556008,http://www.rand.org/pubs/reprints/RP516.html},
	urldate = {2014-05-23},
	volume = 26,
	year = 1995
}

@techreport{Gaynor2006What,
	address = {Cambridge, MA},
	author = {Gaynor, Martin},
	booktitle = {Public Policy},
	doi = {10.2139/ssrn.907045},
	institution = {National Bureau of Economic Research},
	issn = {1556-5068},
	journal = {Public Policy},
	keywords = {antitrust,competition,health care,quality},
	month = 6,
	number = 12301,
	pages = {1-40},
	school = {National Bureau of Economic Research},
	series = {Working Paper Series},
	title = {What Do We Know About Competition and Quality in Health Care Markets?},
	url = {http://www.nber.org/papers/w12301,http://www.nber.org/papers/w12301.pdf},
	urldate = {2014-09-22},
	year = 2006
}

@article{Gaynor2011Competition,
	author = {Gaynor, Martin and Town, Robert J.},
	booktitle = {Handbook of Health Economics},
	doi = {10.1016/B978-0-444-53592-4.00009-8},
	issn = 15740064,
	journal = {Handbook of Health Economics},
	keywords = {Antitrust,Competition,Competition policy,Health care,Health insurance,Hospitals,Industrial organization,Markets,Physicians},
	pages = {499-637},
	publisher = {Elsevier B.V.},
	title = {Competition in Health Care Markets},
	url = {http://dx.doi.org/10.1016/B978-0-444-53592-4.00009-8,http://www.nber.org/papers/w17208},
	urldate = {2013-03-25},
	volume = 2,
	year = 2011
}

@article{Gaynor2012Can,
	author = {Gaynor, Martin and Moreno-Serra, R. and Propper, C.},
	booktitle = {Journal of Health Services Research \& Policy},
	doi = {10.1258/jhsrp.2011.011019},
	issn = {1355-8196},
	journal = {Journal of Health Services Research \& Policy},
	number = {suppl 1},
	pages = {49-54},
	publisher = {Royal Society of Medicine Press Ltd},
	title = {Can competition improve outcomes in UK health care? Lessons from the past two decades},
	volume = 17,
	year = 2012
}

@article{Gerdtham1999New,
	author = {Gerdtham, Ulf G. and Johannesson, Magnus},
	booktitle = {Social Science and Medicine},
	doi = {10.1016/S0277-9536(99)00206-3},
	issn = 02779536,
	journal = {Social Science and Medicine},
	keywords = {Demand for health,Health production,Health status},
	number = 10,
	pages = {1325-1332},
	publisher = {Elsevier},
	title = {New estimates of the demand for health: Results based on a categorical health measure and Swedish micro data},
	volume = 49,
	year = 1999
}

@article{Geweke2003Bayesian,
	author = {Geweke, John and Gowrisankaran, Gautam and Town, Robert J.},
	booktitle = {Econometrica},
	doi = {10.1111/1468-0262.00444},
	issn = {0012-9682},
	journal = {Econometrica},
	keywords = {Medicare,bayesian inference,hospital quality,mcmc,medicare,mortality,pneumonia,simultaneous equations},
	month = 7,
	number = 4,
	pages = {1215-1238},
	title = {Bayesian Inference for Hospital Quality in a Selection Model},
	url = {http://doi.wiley.com/10.1111/1468-0262.00444,http://onlinelibrary.wiley.com/doi/10.1111/1468-0262.00444/abstract},
	urldate = {2014-05-23},
	volume = 71,
	year = 2003
}

@article{Gill1998Role,
	author = {Gill, J M and Mainous, a G},
	booktitle = {Archives of family medicine},
	doi = {10.1001/archfami.7.4.352},
	issn = 10633987,
	journal = {Archives of family medicine},
	pages = {352-357},
	title = {The role of provider continuity in preventing hospitalizations.},
	url = {http://triggered.stanford.clockss.org/ServeContent?rft_id=info:doi/10.1001/archfami.7.4.352},
	urldate = {2013-04-15},
	volume = 7,
	year = 1998
}

@article{Glazer1993Should,
	author = {Glazer, Jacob and McGuire, T. G.},
	booktitle = {Journal of Health Economics},
	doi = {10.1016/0167-6296(93)90010-C},
	issn = 01676296,
	journal = {Journal of Health Economics},
	keywords = {from,sam},
	pages = {239-258},
	title = {Should physicians be permitted to 'balance bill' patients?},
	volume = 12,
	year = 1993
}

@article{Glazer1994Payer,
	author = {Glazer, Jacob and McGuire, Thomas G},
	booktitle = {Journal of Economics \{\&\} Management Strategy},
	doi = {10.1111/j.1430-9134.1994.00071.x},
	issn = {1530-9134},
	journal = {Journal of Economics \{\&\} Management Strategy},
	keywords = {Commen Agency},
	number = 1,
	pages = {71-92},
	publisher = {Blackwell Publishing Ltd},
	title = {Payer Competition and Cost Shifting in Health Care},
	url = {http://dx.doi.org/10.1111/j.1430-9134.1994.00071.x},
	volume = 3,
	year = 1994
}

@incollection{Glied2000Chapter,
	author = {Glied, Sherry},
	booktitle = {Handbook of Health Economics},
	doi = {10.1016/S1574-0064(00)80172-9},
	issn = 15740064,
	journal = {Handbook of Health Economics},
	keywords = {HMO - health maintenance organization,I11,L10,Medicaid,Medicare,PPO - preferred provider organization,RAND health insurance experiment,UR - utilization review,adverse selection,any willing provider,capitation,competition,cost growth,cost-sharing,empirical research,fee-for-service,gatekeeper,growth of managed care,history,malpractice,monitoring service utilization (see utilization re,moral hazard,preventive services,quality information,risk adjustment,search,selective contracting (selection of providers),technological innovation,total cost of health care,utilization},
	pages = {707-753},
	title = {Chapter 13 Managed care},
	volume = 1,
	year = 2000
}

@article{Glied2002What,
	author = {Glied, Sherry and Remler, Dahlia K},
	booktitle = {National Tax Journal},
	issn = 00280283,
	journal = {National Tax Journal},
	keywords = {HEALTH care industry,HEALTH insurance,MEDICAL care,MEDICAL economics,MEDICAL technology,PUBLIC health},
	number = 4,
	pages = {771-788},
	title = {What Every Public Finance Economist Needs to Know About Health Economics: Recent Advances and Unresolved Questions.},
	url = {http://search.ebscohost.com.ep.fjernadgang.kb.dk/login.aspx?direct=true&db=bth&AN=8963849&site=ehost-live\nhttp://ntj.tax.org/wwtax/ntjrec.nsf/175d710dffc186a385256a31007cb40f/103e83107dd1702385256cc5007fefd6/$FILE/A08.pdf},
	urldate = {2013-03-25},
	volume = 55,
	year = 2002
}

@article{Gneezy2004Inefficiency,
	author = {Gneezy, Uri and Haruvy, Ernan and Yafe, Hadas},
	booktitle = {Economic Journal},
	doi = {10.1111/j.1468-0297.2004.00209.x},
	issn = 00130133,
	journal = {Economic Journal},
	month = 4,
	number = 495,
	pages = {265-280},
	title = {The inefficiency of splitting the bill},
	url = {http://doi.wiley.com/10.1111/j.1468-0297.2004.00209.x},
	volume = 114,
	year = 2004
}

@techreport{Goldberg2006Effects,
	address = {Cambridge, MA},
	author = {Goldberg, Pinelopi K and Jia, Panle},
	booktitle = {American Economic Review},
	doi = {10.3386/w10159},
	institution = {National Bureau of Economic Research},
	journal = {American Economic Review},
	month = 12,
	pages = {1477-1514},
	school = {National Bureau of Economic Research},
	title = {The Effects of Global Patent Protection in Estimating Pharmaceuticals : A Case Study of Quinolones in India},
	url = {http://www.nber.org/papers/w10159,http://www.nber.org/papers/w10159.pdf},
	urldate = {2014-09-22},
	volume = 96,
	year = 2006
}

@article{Gosden2001Impact,
	author = {Gosden, T and Forland, F and Kristiansen, I S and Sutton, M and Leese, B and Giuffrida, a and Sergison, M and Pedersen, L},
	booktitle = {Journal of health services research \& policy},
	doi = {10.1258/1355819011927198},
	issn = {1355-8196},
	journal = {Journal of health services research \& policy},
	number = 1,
	pages = {44-55},
	title = {Impact of payment method on behaviour of primary care physicians: a systematic review.},
	url = {http://www.jhsrp.rsmjournals.com/content/6/1/44.short},
	urldate = {2013-03-25},
	volume = 6,
	year = 2001
}

@article{Gossner2000Comparison,
	author = {Gossner, Olivier},
	booktitle = {Games and Economic Behavior},
	doi = {10.1006/game.1998.0706},
	issn = 08998256,
	journal = {Games and Economic Behavior},
	keywords = {correlated equilibrium,information structure,statistical experiment,value of information},
	month = 1,
	number = 1,
	pages = {44-63},
	title = {Comparison of Information Structures},
	url = {http://linkinghub.elsevier.com/retrieve/pii/S0899825698907060},
	urldate = {2013-06-10},
	volume = 30,
	year = 2000
}

@article{Granger1980Long,
	author = {Granger, C.W.J.},
	booktitle = {Journal of Econometrics},
	doi = {10.1016/0304-4076(80)90092-5},
	issn = 03044076,
	journal = {Journal of Econometrics},
	keywords = {aggregation},
	number = 2,
	pages = {227-238},
	title = {Long memory relationships and the aggregation of dynamic models},
	url = {http://www.sciencedirect.com/science/article/pii/0304407680900925},
	urldate = {2013-11-26},
	volume = 14,
	year = 1980
}

@article{Gravelle2000Quality,
	author = {Gravelle, Hugh and Masiero, Giuliano},
	booktitle = {Journal of Health Economics},
	doi = {10.1016/S0167-6296(00)00060-6},
	issn = 01676296,
	journal = {Journal of Health Economics},
	keywords = {Capitation,General practice,Imperfect information,Product differentiation,Quality,Switching costs},
	number = 6,
	pages = {1067-1088},
	title = {Quality incentives in a regulated market with imperfect information and switching costs: Capitation in general practice},
	url = {http://www.sciencedirect.com/science/article/pii/S0167629600000606},
	volume = 19,
	year = 2000
}

@article{Green1978PhysicianInduced,
	author = {Green, J},
	booktitle = {The Journal of human resources},
	issn = {0022166X},
	journal = {The Journal of human resources},
	number = 0,
	pages = {21-34},
	title = {Physician-induced demand for medical care.},
	url = {http://www.jstor.org/stable/10.2307/145246},
	urldate = {2013-04-15},
	volume = {13 Suppl},
	year = 1978
}

@unpublished{Green2012Play,
	author = {Green, Colin P and Paniagua, Maria Navarro},
	booktitle = {Unpublished Manuscript},
	journal = {Unpublished Manuscript},
	keywords = {absenteeism,d04,drinking laws,j22,jel classification,k32,labour supply},
	pages = {1-33},
	title = {Play hard, shirk hard? The effect of bar hours regulation on absence and health},
	url = {http://www.iza.org/conference_files/TAM2012/green_c3422.pdf},
	urldate = {2014-09-09},
	year = 2012
}

@article{Greif1993Contract,
	author = {Greif, Avner},
	booktitle = {The American Economic Review},
	doi = {10.2307/2117532},
	issn = 00028282,
	journal = {The American Economic Review},
	number = 3,
	pages = {525-548},
	title = {Contract enforceability and economic institutions in early trade: The Maghribi traders' coalition},
	url = {http://www.jstor.org/stable/2117532},
	urldate = {2013-04-15},
	volume = 83,
	year = 1993
}

@article{Greif1996Micro,
	author = {Greif, Avner},
	booktitle = {SSRN Working Papers},
	journal = {SSRN Working Papers},
	title = {Micro Theory and Recent Development in the Study of Economic Institutions Through Economic History},
	url = {http://ecsocman.hse.ru/data/070/766/1216/9611132.pdf},
	urldate = {2013-04-16},
	year = 1996
}

@article{Grennan2013Price,
	author = {Grennan, Matthew},
	booktitle = {American Economic Review},
	doi = {10.1257/aer.103.1.145},
	issn = 00028282,
	journal = {American Economic Review},
	month = 2,
	number = 1,
	pages = {145-177},
	publisher = {American Economic Association},
	title = {Price discrimination and bargaining: Empirical evidence from medical devices},
	url = {http://www.ingentaconnect.com/content/aea/aer/2013/00000103/00000001/art00005,http://pubs.aeaweb.org/doi/abs/10.1257/aer.103.1.145},
	urldate = {2014-05-23},
	volume = 103,
	year = 2013
}

@article{Grol1999Patients,
	author = {Grol, R and Wensing, M and Mainz, J and Ferreira, P and Hearnshaw, H and Hjortdahl, P and Olesen, F and Ribacke, M and Spenser, T and Szécsényi, J},
	booktitle = {Family practice},
	doi = {10.1093/fampra/16.1.4},
	issn = {0263-2136},
	journal = {Family practice},
	keywords = {accepted 7 october 1998,care research,centre for quality of,doctor,expectations,general practice care,international comparison,patient communication,patients,priorities,received 19 may 1998,universities of},
	month = 2,
	number = 1,
	pages = {4-11},
	title = {Patients' priorities with respect to general practice care: an international comparison. European Task Force on Patient Evaluations of General Practice (EUROPEP).},
	url = {http://fampra.oxfordjournals.org/content/16/1/4.short,http://www.fampra.oxfordjournals.org/cgi/doi/10.1093/fampra/16.1.4},
	urldate = {2014-09-22},
	volume = 16,
	year = 1999
}

@article{Grol2000Patients,
	author = {Grol, R and Wensing, M and Mainz, J and Jung, H P and Ferreira, P and Hearnshaw, H and Hjortdahl, P and Olesen, F and Reis, S and Ribacke, M and Szecsenyi, J},
	booktitle = {The British Journal of General Practice},
	issn = {0960-1643},
	journal = {The British Journal of General Practice},
	keywords = {Culture,Delivery of Health Care,Delivery of Health Care: standards,Europe,Family Practice,Family Practice: standards,Female,Humans,International Cooperation,Male,Middle Aged,Patient Satisfaction,Practice Guidelines as Topic,Practice Guidelines as Topic: standards,Questionnaires},
	month = 11,
	number = 460,
	pages = {882-887},
	title = {Patients in Europe evaluate general practice care: an international comparison.},
	url = {http://www.pubmedcentral.nih.gov/articlerender.fcgi?artid=1313852&tool=pmcentrez&rendertype=abstract},
	volume = 50,
	year = 2000
}

@incollection{Grossman1972Appendix,
	author = {Grossman, Michael},
	booktitle = {The Demand for Health: A Theoretical and Empirical Investigation},
	institution = {National Bureau of Economic Research},
	journal = {The Demand for Health: A Theoretical and Empirical Investigation},
	pages = {97-101},
	publisher = {UMI},
	school = {National Bureau of Economic Research},
	title = {Appendix D STATISTICAL PROPERTIES OF THE MODEL},
	url = {http://www.nber.org/chapters/c3494.pdf,http://www.nber.org/chapters/c3494},
	urldate = {2013-08-20},
	volume = {I},
	year = 1972
}

@incollection{Grossman1972Appendixa,
	author = {Grossman, Michael},
	booktitle = {The Demand for Health: A Theoretical and Empirical Investigation},
	journal = {The Demand for Health: A Theoretical and Empirical Investigation},
	pages = {110-111},
	title = {Appendix F SOURCES AND METHODS: MORTALITY ANALYSIS},
	url = {http://www.nber.org/chapters/c3496.pdf},
	urldate = {2013-08-20},
	year = 1972
}

@incollection{Grossman1972Appendixb,
	author = {Grossman, Michael},
	booktitle = {The Demand for Health: A Theoretical and Empirical Investigation},
	journal = {The Demand for Health: A Theoretical and Empirical Investigation},
	pages = {84-86},
	title = {Appendix A UTILITY MAXIMIZATIONS},
	url = {http://www.nber.org/chapters/c3491.pdf},
	urldate = {2013-08-20},
	volume = {I},
	year = 1972
}

@incollection{Grossman1972Appendixc,
	author = {Grossman, Michael},
	booktitle = {The Demand for Health: A Theoretical and Empirical Investigation},
	issn = {0959-6658},
	journal = {The Demand for Health: A Theoretical and Empirical Investigation},
	pages = {102-109},
	title = {Appendix E ADDITIONAL EMPIRICAL RESULTS},
	url = {http://www.nber.org/chapters/c3495.pdf},
	urldate = {2013-08-20},
	volume = {I},
	year = 1972
}

@incollection{Grossman1972Appendixd,
	author = {Grossman, Michael},
	booktitle = {The Demand for Health: A Theoretical and Empirical Investigation},
	journal = {The Demand for Health: A Theoretical and Empirical Investigation},
	pages = {94-96},
	title = {Appendix C DERIVATION OF CONSUMPTION MODEL FORMULAS},
	url = {http://www.nber.org/chapters/c3493.pdf},
	urldate = {2013-08-20},
	year = 1972
}

@incollection{Grossman1972Appendixe,
	author = {Grossman, Michael},
	booktitle = {The Demand for Health: A Theoretical and Empirical Investigation},
	journal = {The Demand for Health: A Theoretical and Empirical Investigation},
	pages = {87-93},
	title = {Appendix B DERIVATION OF INVESTMENT MODEL FORMULAS},
	url = {http://www.nber.org/chapters/c3492.pdf},
	urldate = {2013-08-20},
	year = 1972
}

@book{Grossman1972Demand,
	author = {Grossman, Michael},
	publisher = {National Bureau of Economic Research, Inc},
	title = {The demand for health - a theoretical and empirical investigation.},
	url = {http://econpapers.repec.org/RePEc:nbr:nberbk:gros72-1},
	urldate = {2013-08-20},
	year = 1972
}

@incollection{Grossman1972Empirical,
	author = {Grossman, Michael},
	booktitle = {The Demand for Health: A Theoretical and Empirical Investigation},
	chapter = 4,
	journal = {The Demand for Health: A Theoretical and Empirical Investigation},
	pages = {39-54},
	title = {An Empirical Formulation Of The Model},
	url = {http://www.nber.org/chapters/c3488.pdf},
	urldate = {2013-08-20},
	volume = {I},
	year = 1972
}

@incollection{Grossman1972Empiricala,
	author = {Grossman, Michael},
	booktitle = {The Demand for Health: A Theoretical and Empirical Investigation},
	chapter = 5,
	journal = {The Demand for Health: A Theoretical and Empirical Investigation},
	pages = {55-73},
	title = {Empirical Results: The Norc Sample},
	url = {http://www.nber.org/chapters/c3489.pdf},
	urldate = {2013-08-20},
	volume = {I},
	year = 1972
}

@incollection{Grossman1972Joint,
	author = {Grossman, Michael},
	booktitle = {The Demand for Health: A Theoretical and Empirical Investigation},
	chapter = 6,
	issn = {1578-1860},
	journal = {The Demand for Health: A Theoretical and Empirical Investigation},
	pages = {74-83},
	title = {Joint Production And The Mortality Data},
	url = {http://www.nber.org/chapters/c3490.pdf},
	urldate = {2013-08-20},
	volume = {I},
	year = 1972
}

@article{Grossman1972On,
	author = {Grossman, Michael},
	booktitle = {Journal of Political Economy},
	doi = {10.1086/259880},
	issn = {0022-3808},
	journal = {Journal of Political Economy},
	number = 2,
	pages = 223,
	publisher = {The University of Chicago Press},
	title = {On the Concept of Health Capital and the Demand for Health},
	url = {http://www.jstor.org/stable/1830580},
	volume = 80,
	year = 1972
}

@incollection{Grossman1972Pure,
	author = {Grossman, Michael},
	booktitle = {The Demand for Health: A Theoretical and Empirical Investigation},
	chapter = 3,
	journal = {The Demand for Health: A Theoretical and Empirical Investigation},
	pages = {31-38},
	title = {The pure consumption model},
	url = {http://www.nber.org/chapters/c3487.pdf},
	urldate = {2013-08-20},
	volume = {I},
	year = 1972
}

@incollection{Grossman1972Shadow,
	author = {Grossman, Michael},
	booktitle = {The Demand for Health: A Theoretical and Empirical Investigation},
	chapter = 2,
	journal = {The Demand for Health: A Theoretical and Empirical Investigation},
	pages = {11-30},
	title = {The Shadow Price Of Health},
	url = {http://www.nber.org/chapters/c3486.pdf},
	urldate = {2013-08-20},
	volume = {I},
	year = 1972
}

@incollection{Grossman1972Stock,
	author = {Grossman, Michael},
	booktitle = {The Demand for Health: A Theoretical and Empirical Investigation},
	chapter = 1,
	journal = {The Demand for Health: A Theoretical and Empirical Investigation},
	pages = {1-10},
	publisher = {UMI},
	title = {A stock approach to the demand for health},
	url = {http://ideas.repec.org/b/nbr/nberbk/gros72-1.html\nhttp://www.nber.org/chapters/c3485.pdf},
	urldate = {2013-08-20},
	volume = {I},
	year = 1972
}

@article{Grossman1977Bayesian,
	author = {Grossman, S and Grossman, S and Mirman, R Kihlstrom a N D L and Mirman, R Kihlstrom a N D L and a and a},
	booktitle = {Econ. Srudies},
	journal = {Econ. Srudies},
	number = 3,
	pages = {533-547},
	title = {Bayesian approach to the production of information and learning by doing, Rev},
	url = {http://www.jstor.org/stable/2296906},
	volume = 44,
	year = 1977
}

@article{Grossman1982Demand,
	author = {Grossman, Michael},
	booktitle = {Journal of health economics},
	doi = {10.1016/0167-6296(82)90018-2},
	issn = 01676296,
	journal = {Journal of health economics},
	number = 1,
	pages = {1-3},
	title = {The demand for health after a decade.},
	url = {http://www.sciencedirect.com/science/article/pii/0167629682900182,http://ideas.repec.org/a/eee/jhecon/v1y1982i1p1-3.html},
	urldate = {2013-03-25},
	volume = 1,
	year = 1982
}

@incollection{Grossman2000Chapter,
	author = {Grossman, Michael},
	booktitle = {Handbook of Health Economics},
	chapter = 7,
	doi = {10.1016/S1574-0064(00)80166-3},
	issn = 15740064,
	journal = {Handbook of Health Economics},
	keywords = {I10},
	pages = {347-408},
	publisher = {Elsevier},
	series = {Handbook of Health Economics},
	title = {Chapter 7 The human capital model},
	url = {http://www.sciencedirect.com/science/article/pii/S1574006400801663},
	volume = 1,
	year = 2000
}

@article{Grossman2003Household,
	author = {Grossman, Michael},
	booktitle = {Review of Economics of the Household},
	doi = {10.1023/B:REHO.0000004793.86020.75},
	issn = {1569-5239},
	journal = {Review of Economics of the Household},
	keywords = {course at columbia university,d13,health economics,i took jacob mincer,i10,jel classification,new home economics,s two-semester labor economics},
	month = 12,
	number = 4,
	pages = {331-342},
	title = {Household Production and Health},
	url = {http://link.springer.com/10.1023/B:REHO.0000004793.86020.75},
	volume = 1,
	year = 2003
}

@article{Grossman2004Demand,
	author = {Grossman, Michael},
	booktitle = {Journal of Health Economics},
	doi = {10.1016/j.jhealeco.2004.04.001},
	issn = 01676296,
	journal = {Journal of Health Economics},
	number = 4,
	pages = {629-636},
	title = {The demand for health, 30 years later: A very personal retrospective and prospective reflection},
	url = {http://www.sciencedirect.com/science/article/pii/S0167629604000566},
	volume = 23,
	year = 2004
}

@article{Grytten1995Supplier,
	author = {Grytten, Jostein},
	booktitle = {Journal of Health Economics},
	doi = {10.1016/0167-6296(94)00036-4},
	issn = 01676296,
	journal = {Journal of Health Economics},
	keywords = {Behaviour model,Public policy,Public services,Supplier inducement},
	number = 2,
	pages = {207-229},
	title = {Supplier inducement in a public health care system},
	url = {http://www.sciencedirect.com/science/article/pii/0167629694000364},
	volume = 14,
	year = 1995
}

@article{Grytten2001Type,
	author = {Grytten, Jostein and Sørensen, Rune},
	booktitle = {Journal of Health Economics},
	doi = {10.1016/S0167-6296(00)00087-4},
	issn = 01676296,
	journal = {Journal of Health Economics},
	keywords = {Contract,Physicians,Professional norms,Supplier-induced demand},
	number = 3,
	pages = {379-393},
	title = {Type of contract and supplier-induced demand for primary physicians in Norway},
	url = {http://www.sciencedirect.com/science/article/pii/S0167629600000874},
	volume = 20,
	year = 2001
}

@article{Gyldmark2001Demand,
	author = {Gyldmark, Marlene and Morrison, Gwendolyn C.},
	booktitle = {Social Science and Medicine},
	doi = {10.1016/S0277-9536(00)00398-1},
	issn = 02779536,
	journal = {Social Science and Medicine},
	keywords = {Contingent valuation method,Demand for health care,Denmark,Health insurance,Willingness to pay},
	number = 8,
	pages = {1023-1036},
	title = {Demand for health care in Denmark: Results of a national sample survey using contingent valuation},
	url = {http://www.sciencedirect.com/science/article/pii/S0277953600003981},
	volume = 53,
	year = 2001
}

@article{Hahm2001Value,
	author = {Hahm, G. K. and Niemann, T. H. and Lucas, J. G. and Frankel, W. L.},
	booktitle = {Archives of Pathology and Laboratory Medicine},
	doi = {10.1043/0003-9985(2001)125{	extless}0736:TVOSOI{	extgreater}2.0.CO;2},
	issn = 00039985,
	journal = {Archives of Pathology and Laboratory Medicine},
	keywords = {Diagnostic Errors,Digestive System,Digestive System: pathology,Gastrointestinal Diseases,Gastrointestinal Diseases: diagnosis,Gastrointestinal Diseases: pathology,Humans,Liver,Liver Diseases,Liver Diseases: diagnosis,Liver Diseases: pathology,Liver: pathology,Referral and Consultation},
	month = 6,
	number = 6,
	pages = {736-739},
	title = {The value of second opinion in gastrointestinal and liver pathology},
	url = {http://www.ncbi.nlm.nih.gov/pubmed/11371223},
	volume = 125,
	year = 2001
}

@article{Halvorsen2013What,
	author = {Halvorsen, Peder Andreas and Edwards, Adrian and Aaraas, Ivar Johannes and Aasland, Olaf Gjerløw and Kristiansen, Ivar Sønbø},
	booktitle = {BMC family practice},
	doi = {10.1186/1471-2296-14-41},
	issn = {1471-2296},
	journal = {BMC family practice},
	keywords = {Adult,Attitudes,Cross-Sectional Studies,Female,General Practice,General Practice: economics,General Practice: organization \& administration,General Practice: statistics \& numerical data,General Practitioners,General Practitioners: psychology,Health Care Reform,Health Care Surveys,Health Knowledge,Health Priorities,Health Priorities: statistics \& numerical data,Humans,Job Satisfaction,Logistic Models,Male,Middle Aged,Norway,Practice,Questionnaires},
	month = 1,
	pages = 41,
	title = {What professional activities do general practitioners find most meaningful? Cross sectional survey of Norwegian general practitioners.},
	url = {http://www.pubmedcentral.nih.gov/articlerender.fcgi?artid=3615944&tool=pmcentrez&rendertype=abstract},
	urldate = {2014-09-26},
	volume = 14,
	year = 2013
}

@article{Halvorson2000New,
	author = {Halvorson, G C},
	booktitle = {Managed care interface},
	issn = {1096-5645},
	journal = {Managed care interface},
	number = 2,
	pages = {73-74},
	title = {A new approach to consumer empowerment.},
	url = {http://www.jstor.org/stable/10.2307/1828835},
	urldate = {2013-05-01},
	volume = 13,
	year = 2000
}

@article{Hausman1999Incentives,
	author = {Hausman, Dan and Le Grand, Julian},
	booktitle = {Social Science \& Medicine},
	doi = {10.1016/S0277-9536(99)00204-X},
	issn = 02779536,
	journal = {Social Science \& Medicine},
	keywords = {GPs},
	number = 10,
	pages = {1299-1307},
	title = {Incentives and health policy: primary and secondary care in the British National Health Service},
	url = {http://www.sciencedirect.com/science/article/pii/S027795369900204X},
	volume = 49,
	year = 1999
}

@article{Hayek1989Use,
	author = {Hayek, F.a. Friedrich August Von and von HAYEK, F.a.},
	booktitle = {The American Economic Review},
	doi = {10.2307/1809376},
	issn = 00028282,
	journal = {The American Economic Review},
	number = 4,
	pages = {3-7},
	title = {The use of knowledge in society},
	url = {http://www.jstor.org/stable/1809376\nhttp://www.jstor.org/stable/1914347},
	urldate = {2013-05-22},
	volume = 35,
	year = 1989
}

@article{Heckathorn1996Dynamics,
	author = {Heckathorn, Douglas D.},
	booktitle = {American Sociological Review},
	doi = {10.2307/2096334},
	issn = 00031224,
	journal = {American Sociological Review},
	number = 2,
	pages = 250,
	title = {The Dynamics and Dilemmas of Collective Action},
	url = {http://www.jstor.org/stable/10.2307/2096334},
	urldate = {2013-04-17},
	volume = 61,
	year = 1996
}

@article{Heisler1971Reconsideration,
	author = {Heisler, H.},
	booktitle = {International Social Work},
	doi = {10.1177/002087287101400205},
	issn = {0020-8728},
	journal = {International Social Work},
	number = 2,
	pages = {26-33},
	title = {A Reconsideration of the Theory of Community Development},
	url = {http://econ.ucdenver.edu/beckman/Research/readings/allen-1934.pdf},
	urldate = {2013-08-07},
	volume = 14,
	year = 1971
}

@article{Helmchen2010How,
	author = {Helmchen, Lorens a and Lo Sasso, Anthony T},
	booktitle = {Health economics},
	doi = {10.1002/hec},
	issn = {1099-1050},
	journal = {Health economics},
	keywords = {General Practice,general practice,list size,renumeration schemes},
	number = {April 2011},
	pages = {1300-1317},
	title = {How sensitive is physician performance to alternative compensation schedules? Evidence from a large network of primary care clinics.},
	url = {http://onlinelibrary.wiley.com/doi/10.1002/hec.1731/full},
	urldate = {2013-04-15},
	volume = 19,
	year = 2010
}

@article{Hemenway1985Testing,
	author = {Hemenway, D and Fallon, D},
	booktitle = {Medical care},
	doi = {10.1097/00005650-198504000-00006},
	issn = {0025-7079},
	journal = {Medical care},
	keywords = {Angina Pectoris,Angina Pectoris: therapy,Health Services Needs and Demand,Health Services Research,Health Services Research: methods,Heart Failure,Heart Failure: therapy,Humans,Hypertension,Hypertension: therapy,Models,New England,Physicians,Physicians: supply \& distribution,Professional Practice,Theoretical,United States,models},
	month = 4,
	number = 4,
	pages = {344-349},
	title = {Testing for physician-induced demand with hypothetical cases.},
	url = {http://www.ncbi.nlm.nih.gov/pubmed/3990389},
	volume = 23,
	year = 1985
}

@article{Hiriart2012How,
	author = {Hiriart, Yolande and Martimort, David},
	booktitle = {RAND Journal of Economics},
	doi = {10.1111/j.1756-2171.2012.00166.x},
	issn = 07416261,
	journal = {RAND Journal of Economics},
	number = 2,
	pages = {283-314},
	title = {How much discretion for risk regulators?},
	volume = 43,
	year = 2012
}

@article{Hirshleifer1971Private,
	author = {Hirshleifer, J},
	booktitle = {The American Economic Review},
	journal = {The American Economic Review},
	number = 4,
	pages = {561-574},
	title = {The Private and Social Value of Information and the Reward},
	url = {http://www.jstor.org/stable/10.2307/1811850},
	urldate = {2013-05-13},
	volume = 61,
	year = 1971
}

@article{Hirshleifer1979Analytics,
	address = {Cambridge},
	author = {Hirshleifer, J and Riley, Jg},
	booktitle = {Journal of Economic Literature},
	doi = {10.1017/CBO9781139016209},
	issn = 00220515,
	journal = {Journal of Economic Literature},
	number = 4,
	pages = {1375-1421},
	publisher = {Cambridge University Press},
	title = {The analytics of uncertainty and information-an expository survey},
	url = {http://scholar.google.com/scholar?hl=en&btnG=Search&q=intitle:The+Analytics+of+Uncertainty+and+Information-An+Expository+Survey#0},
	urldate = {2013-05-01},
	volume = 17,
	year = 1979
}

@article{Hjortdahl1991Continuity,
	author = {Hjortdahl, P and Borchgrevink, C F},
	booktitle = {BMJ (Clinical research ed.)},
	doi = {10.1136/bmj.303.6811.1181},
	issn = {0959-8138},
	journal = {BMJ (Clinical research ed.)},
	month = 11,
	number = 6811,
	pages = {1181-1184},
	title = {Continuity of care: influence of general practitioners' knowledge about their patients on use of resources in consultations.},
	url = {http://www.ncbi.nlm.nih.gov/pmc/articles/PMC1671517/,http://www.bmj.com/cgi/doi/10.1136/bmj.303.6811.1181},
	urldate = {2014-11-11},
	volume = 303,
	year = 1991
}

@article{Holmstrom1979Moral,
	author = {Holmstrom, Bengt},
	booktitle = {The Bell Journal of Economics},
	doi = {10.2307/3003320},
	issn = {0361-915X},
	journal = {The Bell Journal of Economics},
	number = 1,
	pages = {74-91},
	title = {Moral Hazard and Observability},
	url = {http://www.jstor.org/stable/10.2307/3003320},
	urldate = {2013-07-11},
	volume = 10,
	year = 1979
}

@article{Holmstrom1982Moral,
	author = {Holmstrom, Bengt},
	booktitle = {The Bell Journal of Economics},
	doi = {10.2307/3003457},
	issn = {0361915X},
	journal = {The Bell Journal of Economics},
	number = 2,
	pages = {74-91},
	title = {Moral hazard in teams},
	url = {http://www.jstor.org/stable/10.2307},
	volume = 11,
	year = 1982
}

@article{Holmstrom1991Multitask,
	author = {Holmstrom, B and Milgrom, P},
	booktitle = {JL Econ. \& Org.},
	journal = {JL Econ. \& Org.},
	number = {January 1991},
	pages = {24-52},
	title = {Multitask principal-agent analyses: Incentive contracts, asset ownership, and job design},
	url = {http://heinonlinebackup.com/hol-cgi-bin/get_pdf.cgi?handle=hein.journals/jleo7&section=31},
	urldate = {2013-04-15},
	volume = 7,
	year = 1991
}

@article{Horton1995MastI,
	author = {Horton, Richard},
	booktitle = {The Lancet},
	doi = {10.1016/S0140-6736(95)92043-9},
	issn = 01406736,
	journal = {The Lancet},
	month = 11,
	number = 6,
	pages = 1504,
	title = {MAST-I: agreeing to disagree},
	url = {http://www.jstor.org/stable/2958591,http://projecteuclid.org/euclid.aos/1176343654},
	urldate = {2014-09-26},
	volume = 346,
	year = 1995
}

@article{Houle2012Does,
	author = {Houle, Sherilyn K D and McAlister, Finlay a. and Jackevicius, Cynthia a. and Chuck, Anderson W. and Tsuyuki, Ross T.},
	booktitle = {Annals of Internal Medicine},
	doi = {10.7326/0003-4819-157-12-201212180-00009},
	issn = 00034819,
	journal = {Annals of Internal Medicine},
	keywords = {Clinical Trials as Topic,Great Britain,Health Care Costs,Humans,Incentive,Primary Health Care,Primary Health Care: economics,Primary Health Care: standards,Quality of Health Care,Quality of Health Care: economics,Reimbursement,Research Design,United States},
	month = 12,
	number = 12,
	pages = {889-899},
	title = {Does performance-based remuneration for individual health care practitioners affect patient care?: A systematic review},
	url = {http://www.ncbi.nlm.nih.gov/pubmed/23247940},
	volume = 157,
	year = 2012
}

@article{Howard1966Information,
	author = {Howard, R a},
	booktitle = {Systems Science and Cybernetics, IEEE Transactions on},
	doi = {10.1109/TSSC.1966.300074},
	issn = {0536-1567},
	journal = {Systems Science and Cybernetics, IEEE Transactions on},
	number = 1,
	pages = {22-26},
	title = {Information Value Theory},
	url = {http://ieeexplore.ieee.org/lpdocs/epic03/wrapper.htm?arnumber=4082064\npapers2://publication/doi/10.1109/TSSC.1966.300074},
	urldate = {2014-03-13},
	volume = 2,
	year = 1966
}

@article{Huber2013Identifying,
	author = {Huber, Carola A and Szucs, Thomas D and Rapold, Roland and Reich, Oliver},
	booktitle = {BMC Public Health},
	doi = {10.1186/1471-2458-13-1030},
	issn = {1471-2458},
	journal = {BMC Public Health},
	keywords = {Adolescent,Adult,Age Factors,Aged,Cardiovascular Diseases,Cardiovascular Diseases: drug therapy,Cardiovascular Diseases: epidemiology,Chronic Disease,Chronic Disease: drug therapy,Chronic Disease: epidemiology,Cross-Sectional Studies,Female,Humans,Insurance Claim Review,Male,Middle Aged,Pharmacies,Pharmacies: statistics \& numerical data,Prescription Drugs,Prescription Drugs: classification,Prescription Drugs: therapeutic use,Risk Factors,Sex Factors,Switzerland,Switzerland: epidemiology,Young Adult},
	number = 1,
	pages = 1030,
	title = {Identifying patients with chronic conditions using pharmacy data in Switzerland: an updated mapping approach to the classification of medications},
	url = {http://www.pubmedcentral.nih.gov/articlerender.fcgi?artid=3840632&tool=pmcentrez&rendertype=abstract},
	urldate = {2015-03-17},
	volume = 13,
	year = 2013
}

@article{Hughes1992Effect,
	author = {Hughes, D and Yule, B},
	booktitle = {Journal of health economics},
	doi = {10.1016/0167-6296(92)90014-R},
	issn = 01676296,
	journal = {Journal of health economics},
	keywords = {Econometric,Family,Family: economics,Family: statistics \& numerical data,Fees,Female,Great Britain,Health Services Needs and Demand,Health Services Needs and Demand: economics,Health Services Needs and Demand: statistics \& num,Health Services Research,Humans,Incentive,Maternal Health Services,Maternal Health Services: economics,Maternal Health Services: statistics \& numerical d,Medical,Medical: statistics \& numerical data,Models,Multivariate Analysis,Physician's Practice Patterns,Physician's Practice Patterns: economics,Physician's Practice Patterns: statistics \& numeri,Physicians,Pregnancy,Regression Analysis,Reimbursement,State Medicine,State Medicine: economics,State Medicine: statistics \& numerical data,Uterine Cervical Neoplasms,Uterine Cervical Neoplasms: diagnosis,Uterine Cervical Neoplasms: economics,medical,models},
	month = 12,
	number = 4,
	pages = {413-437},
	title = {The effect of per-item fees on the behaviour of general practitioners.},
	url = {http://www.ncbi.nlm.nih.gov/pubmed/10124311},
	volume = 11,
	year = 1992
}

@article{Innes1990Limited,
	author = {Innes, Robert D},
	booktitle = {Journal of Economic Theory},
	doi = {10.1016/0022-0531(90)90066-S},
	issn = 00220531,
	journal = {Journal of Economic Theory},
	number = 1,
	pages = {45-67},
	title = {Limited liability and incentive contracting with ex-ante action choices},
	volume = 52,
	year = 1990
}

@article{Iversen2000Economic,
	author = {Iversen, Tor and Lurås, Hilde},
	booktitle = {Journal of Economic Behavior \& Organization},
	doi = {10.1016/S0167-2681(00)00130-X},
	issn = 01672681,
	journal = {Journal of Economic Behavior \& Organization},
	keywords = {SID,Service provision},
	number = 4,
	pages = {447-470},
	title = {Economic motives and professional norms: the case of general medical practice},
	url = {http://www.sciencedirect.com/science/article/pii/S016726810000130X},
	volume = 43,
	year = 2000
}

@article{Iversen2011Market,
	author = {Iversen, Tor and Ma, Ching To Albert},
	booktitle = {International Journal of Health Care Finance and Economics},
	doi = {10.1007/s10754-011-9101-y},
	issn = 13896563,
	journal = {International Journal of Health Care Finance and Economics},
	keywords = {Physician,Profit motive,Radiology,Referral,Service motive},
	month = 12,
	number = 4,
	pages = {245-265},
	title = {Market conditions and general practitioners' referrals},
	url = {http://www.ncbi.nlm.nih.gov/pubmed/22009482},
	urldate = {2014-09-22},
	volume = 11,
	year = 2011
}

@article{Jaegher2000Model,
	author = {De Jaegher, Kris and Jegers, Marc},
	booktitle = {Journal of Health Economics},
	doi = {10.1016/S0167-6296(99)00029-6},
	issn = 01676296,
	journal = {Journal of Health Economics},
	keywords = {Monopolistic competition,Supplier-induced demand,Utility and profit maximization,Welfare economics},
	number = 2,
	pages = {231-258},
	title = {A model of physician behaviour with demand inducement},
	url = {http://www.sciencedirect.com/science/article/pii/S0167629699000296},
	volume = 19,
	year = 2000
}

@article{Janvry1972Generalized,
	author = {De Janvry, A.},
	booktitle = {American Journal of Agricultural Economics},
	journal = {American Journal of Agricultural Economics},
	pages = {234-237},
	title = {The Generalized Power Production Function},
	volume = 54,
	year = 1972
}

@book{Jaynes1996Probability,
	author = {Jaynes, Et},
	pages = 753,
	publisher = {Cambridge University Press},
	title = {Probability theory: The logic of science},
	url = {http://shawnslayton.com/open/Probability book/book.pdf},
	urldate = {2014-10-01},
	year = 1996
}

@article{Jewitt1987Risk,
	author = {Jewitt, Ian},
	booktitle = {The Review of Economic Studies},
	issn = {0034-6527},
	journal = {The Review of Economic Studies},
	number = 1,
	pages = {73-85},
	title = {Risk aversion and the choice between risky prospects: the preservation of comparative statics results},
	url = {http://restud.oxfordjournals.org/content/54/1/73.short},
	volume = 54,
	year = 1987
}

@article{Joensson2005Cost,
	author = {Jönsson, Bengt and Carides, George W and Burke, Thomas a and Dasbach, Erik J and Lindholm, Lars H and Dahlöf, Björn},
	booktitle = {Journal of hypertension},
	doi = {10.1097/01.hjh.0000173527.73179.f5},
	issn = {0263-6352},
	journal = {Journal of hypertension},
	keywords = {Quality-Adjusted Life Years,cost effectiveness,quality-adjusted life years,stroke,survival},
	number = {Mi},
	pages = {1425-1431},
	title = {Cost effectiveness of losartan in patients with hypertension and LVH: an economic evaluation for Sweden of the LIFE trial.},
	url = {http://scholar.google.com/scholar?hl=en&btnG=Search&q=intitle:Cost+effectiveness+of+losartan+in+patients+with+hypertension+and+LVH+:+an+economic+evaluation+for+Sweden+of+the+LIFE+trial#0,http://scholar.google.com/scholar?hl=en&btnG=Search&q=intitle:Cost+e},
	urldate = {2013-11-27},
	volume = 23,
	year = 2005
}

@article{Jong2003Mutual,
	author = {De Jong, Judith D. and Groenewegen, Peter P. and Westert, Gert P.},
	booktitle = {Social Science and Medicine},
	doi = {10.1016/S0277-9536(02)00548-8},
	issn = 02779536,
	journal = {Social Science and Medicine},
	keywords = {General practitioner,Partnership,Practice style,The Netherlands,Variation},
	month = 10,
	number = 8,
	pages = {1515-1524},
	title = {Mutual influences of general practitioners in partnerships},
	url = {http://linkinghub.elsevier.com/retrieve/pii/S0277953602005488},
	urldate = {2013-03-23},
	volume = 57,
	year = 2003
}

@article{Kam2000Effects,
	author = {Van Der Kam, W. J. and Moorman, P. W. and Koppejan-Mulder, M. J.},
	booktitle = {International Journal of Medical Informatics},
	doi = {10.1016/S1386-5056(00)00096-4},
	issn = 13865056,
	journal = {International Journal of Medical Informatics},
	keywords = {Computer communication networks,Electronic communication,Family practice,GP,General practitioner,Primary health care},
	number = 1,
	pages = {59-70},
	title = {Effects of electronic communication in general practice},
	url = {http://wber.oxfordjournals.org/content/2/1/49.short,http://www.ncbi.nlm.nih.gov/pubmed/12282273,http://www.sciencedirect.com/science/article/pii/S1386505600000964},
	urldate = {2013-09-20},
	volume = 60,
	year = 2000
}

@article{Kandel1992Peer,
	author = {Kandel, Eugene and Lazear, Edward P.},
	booktitle = {Journal of Political Economy},
	doi = {10.1086/261840},
	issn = {0022-3808},
	journal = {Journal of Political Economy},
	number = 4,
	pages = 801,
	title = {Peer Pressure and Partnerships},
	url = {http://www.jstor.org/stable/10.2307/2138688},
	urldate = {2013-04-15},
	volume = 100,
	year = 1992
}

@article{Kann2010Competition,
	author = {Kann, Inger Cathrine and Biørn, Erik and Lurås, Hilde},
	booktitle = {Journal of Health Economics},
	doi = {10.1016/j.jhealeco.2010.07.004},
	issn = 01676296,
	journal = {Journal of Health Economics},
	keywords = {Competition,Gatekeeper,General practitioner,Panel data,Prescription},
	month = 9,
	number = 5,
	pages = {751-764},
	publisher = {Elsevier B.V.},
	title = {Competition in general practice: Prescriptions to the elderly in a list patient system},
	url = {http://www.ncbi.nlm.nih.gov/pubmed/20708282},
	urldate = {2013-04-15},
	volume = 29,
	year = 2010
}

@article{Kann2010Competitiona,
	author = {Kann, Inger Cathrine and Biørn, Erik and Lurås, Hilde},
	booktitle = {Journal of Health Economics},
	doi = {10.1016/j.jhealeco.2010.07.004},
	issn = 01676296,
	journal = {Journal of Health Economics},
	keywords = {Competition,Gatekeeper,General practitioner,Panel data,Prescription},
	number = 5,
	pages = {751-764},
	publisher = {Elsevier B.V.},
	title = {Competition in general practice: Prescriptions to the elderly in a list patient system},
	url = {http://dx.doi.org/10.1016/j.jhealeco.2010.07.004},
	volume = 29,
	year = 2010
}

@article{Kar1992Why,
	author = {Van de Kar, a. and Knottnerus, a. and Meertens, R. and Dubois, V. and Kok, G.},
	booktitle = {British Journal of General Practice},
	issn = 09601643,
	journal = {British Journal of General Practice},
	number = 361,
	pages = {313-316},
	publisher = {Royal College of General Practitioners},
	title = {Why do patients consult the general practitioner? Determinants of their decision},
	volume = 42,
	year = 1992
}

@article{Karlin1956Theory,
	author = {Karlin, Samuel and Rubin, Herman},
	booktitle = {The Annals of Mathematical Statistics},
	doi = {10.1214/aoms/1177728259},
	issn = {0003-4851},
	journal = {The Annals of Mathematical Statistics},
	number = 2,
	pages = {272-299},
	title = {The Theory of Decision Procedures for Distributions with Monotone Likelihood Ratio},
	url = {http://www.jstor.org/stable/2236994,http://projecteuclid.org/euclid.aoms/1177728259},
	urldate = {2014-09-25},
	volume = 27,
	year = 1956
}

@article{Katz2003Effect,
	author = {Katz, Steven J and Moyer, Cheryl a and Cox, Douglas T and Stern, David T},
	booktitle = {Journal of General Internal Medicine},
	journal = {Journal of General Internal Medicine},
	keywords = {18,2003,736,744,affairs ann arbor healthcare,communication,e-mail,j gen intern med,on-line,patient-provider communication,primary care,received from the veterans,utilization},
	pages = {736-744},
	title = {Effect of a Triage-based E-mail System on Clinic Resource Use},
	url = {http://onlinelibrary.wiley.com/doi/10.1046/j.1525-1497.2003.20756.x/full},
	urldate = {2013-04-23},
	volume = 18,
	year = 2003
}

@article{Kaya2014Partnerships,
	author = {Kaya, Ayça and Vereshchagina, Galina},
	booktitle = {American Economic Review},
	doi = {10.1257/aer.104.1.291},
	issn = 00028282,
	journal = {American Economic Review},
	month = 1,
	number = 1,
	pages = {291-307},
	publisher = {American Economic Association},
	title = {Partnerships versus corporations: Moral hazard, sorting, and ownership structure},
	url = {http://www.aeaweb.org.ep.fjernadgang.kb.dk/articles.php?doi=10.1257/aer.104.1.291},
	urldate = {2014-12-01},
	volume = 104,
	year = 2014
}

@article{Kenkel2013Consumer,
	author = {Kenkel, Don},
	booktitle = {The review of economics and statistics},
	issn = 00346535,
	journal = {The review of economics and statistics},
	keywords = {SID},
	number = 4,
	pages = {587-595},
	publisher = {The MIT Press},
	title = {Consumer Health Information and the Demand for Medical Care},
	url = {http://www.jstor.org/discover/10.2307/2109598?uid=3738256&uid=2&uid=4&sid=21103528462857\nfile:///C:/Users/admin/Desktop/Literature - BIhar paper/73.  RES 1990 Consumer Health Information and Demand for Medical Care.pdf},
	volume = 72,
	year = 2013
}

@article{Keppo2008Demand,
	author = {Keppo, Jussi and Moscarini, Giuseppe and Smith, Lones},
	booktitle = {Journal of Economic Theory},
	doi = {10.1016/j.jet.2007.03.003},
	issn = 00220531,
	journal = {Journal of Economic Theory},
	keywords = {Demand curve,Diffusion process,Elasticity,Garbling,Heat equation,Information,Ito's Lemma,Martingale,Non-concavity,Option pricing},
	month = 1,
	number = 1,
	pages = {21-50},
	title = {The demand for information: More heat than light},
	url = {http://linkinghub.elsevier.com/retrieve/pii/S0022053107000592},
	urldate = {2013-05-07},
	volume = 138,
	year = 2008
}

@article{Kessel1958Price,
	author = {Kessel, Reuben a.},
	booktitle = {The Journal of Law and Economics},
	doi = {10.1086/466540},
	issn = {0022-2186},
	journal = {The Journal of Law and Economics},
	keywords = {SID},
	pages = 20,
	publisher = {HeinOnline},
	title = {Price Discrimination in Medicine},
	url = {http://www.jstor.org/stable/10.2307/724881,http://heinonlinebackup.com/hol-cgi-bin/get_pdf.cgi?handle=hein.journals/jlecono1&section=4},
	urldate = {2013-03-25},
	volume = 1,
	year = 1958
}

@article{Kessler1996Do,
	author = {Kessler, Daniel and Mcclellan, Mark},
	booktitle = {The Quarterly Journal of Economics},
	doi = {10.2307/2946682},
	issn = 00335533,
	journal = {The Quarterly Journal of Economics},
	month = 5,
	number = 2,
	pages = {353-390},
	publisher = {Oxford University Press},
	title = {Do Doctors Practice Defensive Medicine?},
	url = {http://qje.oxfordjournals.org/content/111/2/353.abstract},
	urldate = {2014-05-23},
	volume = 111,
	year = 1996
}

@article{Kessler2000Is,
	author = {Kessler, Dp and McClellan, Mb},
	booktitle = {The Quarterly Journal of …},
	doi = {10.1162/003355300554863},
	issn = {0033-5533},
	journal = {The Quarterly Journal of …},
	month = 5,
	number = 2,
	pages = {577-615},
	publisher = {Oxford University Press},
	title = {Is hospital competition socially wasteful?},
	url = {http://qje.oxfordjournals.org/content/115/2/577.abstract},
	urldate = {2014-05-23},
	volume = 115,
	year = 2000
}

@article{Kiesler2006Optimal,
	author = {Kiesler, Donald J. and Auerbach, Stephen M.},
	booktitle = {Patient Education and Counseling},
	doi = {10.1016/j.pec.2005.08.002},
	issn = 07383991,
	journal = {Patient Education and Counseling},
	keywords = {Interpersonal circumplex,Patient preference for information,Patient preference for participation in decision-m,Patient-physician communication,Patient-physician match},
	number = 3,
	pages = {319-341},
	title = {Optimal matches of patient preferences for information, decision-making and interpersonal behavior: Evidence, models and interventions},
	url = {http://www.sciencedirect.com/science/article/pii/S0738399105002351},
	urldate = {2014-08-26},
	volume = 61,
	year = 2006
}

@article{Kihlstrom1974General,
	author = {Kihlstrom, Richard},
	booktitle = {Journal of Economic Theory},
	doi = {10.1016/0022-0531(74)90019-2},
	issn = 00220531,
	journal = {Journal of Economic Theory},
	month = 8,
	number = 4,
	pages = {413-439},
	title = {A general theory of demand for information about product quality},
	url = {http://dx.doi.org/10.1016/0022-0531(74)90019-2,http://linkinghub.elsevier.com/retrieve/pii/0022053174900192},
	urldate = {2014-05-14},
	volume = 8,
	year = 1974
}

@techreport{KirstineMagtengaardRobinson2011Kroniske,
	author = {{Kirstine Magtengaard Robinson} and Lau, Cathrine Juel and Jeppesen, Maj and Vind, Ane Bonnerup and Glümer, Charlotte},
	institution = {Region Hovedstaden},
	publisher = {Region Hovedstaden},
	school = {Region Hovedstaden},
	title = {Kroniske sygdomme},
	year = 2011
}

@article{Kjaer2005EMailKommunikation,
	author = {Kjær, Niels Kristian and Jepsen, Kristian L. and Ruwald, Steen and Jepsen, Nis P. and Nielsen, Hanne Hynding},
	booktitle = {Ugeskr Læger},
	issn = 00415782,
	journal = {Ugeskr Læger},
	number = {November},
	pages = {4461-4465},
	title = {E-mail-kommunikation i almen praksis},
	url = {http://www.felsted-data.dk/wp-content/uploads/Images/e-mailkomm.pdf},
	urldate = {2013-04-22},
	year = 2005
}

@phdthesis{Klemens2003Information,
	author = {Klemens, B},
	booktitle = {Thesis.Library.Caltech.Edu},
	institution = {California Institute of Technology},
	journal = {Thesis.Library.Caltech.Edu},
	pages = 159,
	school = {California Institute of Technology},
	title = {Information aggregation, with application to monotone ordering, advocacy, and conviviality},
	url = {http://thesis.library.caltech.edu/2379/1/diss.pdf},
	urldate = {2014-10-29},
	year = 2003
}

@article{Koc2004Productivity,
	author = {Koç, Cağatay},
	booktitle = {Health economics},
	doi = {10.1002/hec.855},
	issn = {1057-9230},
	journal = {Health economics},
	keywords = {Efficiency,Health Services,Health Services Needs and Demand,Health Services Research,Health Services Research: statistics \& numerical d,Health Services: utilization,Humans,Models,Outcome and Process Assessment (Health Care),Outcome and Process Assessment (Health Care): stat,Theoretical,models},
	month = 8,
	number = 8,
	pages = {739-747},
	title = {The productivity of health care and health production functions.},
	url = {http://www.ncbi.nlm.nih.gov/pubmed/15322987},
	urldate = {2014-01-28},
	volume = 13,
	year = 2004
}

@article{Korff1992Chronic,
	author = {Von Korff, M and Wagner, E H and Saunders, K},
	booktitle = {Journal of clinical epidemiology},
	doi = {10.1016/0895-4356(92)90016-G},
	issn = 08954356,
	journal = {Journal of clinical epidemiology},
	number = 2,
	pages = {197-203},
	title = {A chronic disease score from automated pharmacy data.},
	url = {http://www.sciencedirect.com/science/article/pii/089543569290016G},
	urldate = {2013-11-06},
	volume = 45,
	year = 1992
}

@article{Krasnik1990Changing,
	author = {Krasnik, a and Groenewegen, P P and Pedersen, P a and von Scholten, P and Mooney, G and Gottschau, a and Flierman, H a and Damsgaard, M T},
	booktitle = {BMJ (Clinical research ed.)},
	doi = {10.1136/bmj.300.6741.1698},
	issn = {0959-8138},
	journal = {BMJ (Clinical research ed.)},
	number = {June},
	pages = {1698-1701},
	title = {Changing remuneration systems: effects on activity in general practice.},
	url = {http://www.ncbi.nlm.nih.gov/pmc/articles/PMC1663335/},
	urldate = {2013-03-25},
	volume = 300,
	year = 1990
}

@article{Krasnik1991General,
	author = {Krasnik, a and Scholten, P V and Damsgaard, M T},
	booktitle = {Scandinavian journal of primary health care},
	doi = {10.3109/02813439109026589},
	issn = {0281-3432},
	journal = {Scandinavian journal of primary health care},
	keywords = {SID,Supply,remuneration system,supplier-induced demand},
	number = 2,
	pages = {83-87},
	publisher = {Informa UK Ltd UK},
	title = {General practitioners' attitudes to a recent change in their remuneration system.},
	volume = 9,
	year = 1991
}

@unpublished{Kremer2003Information,
	author = {Kremer, By Ilan and Skrzypacz, Andrzej},
	booktitle = {English},
	journal = {English},
	pages = {1-11},
	title = {Information Aggregation and the information content of order statistics},
	url = {http://www.stanford.edu/~skrz/infoaggregation.pdf},
	urldate = {2014-10-29},
	year = 2003
}

@article{Kyle2011Investments,
	author = {Kyle, Margaret K. and McGahan, Anita M.},
	booktitle = {Review of Economics and Statistics},
	doi = {10.1162/REST\_a\_00214},
	issn = {0034-6535},
	journal = {Review of Economics and Statistics},
	month = 11,
	number = 4,
	pages = 120824104137001,
	publisher = {The MIT Press},
	title = {Investments in Pharmaceuticals before and after TRIPS},
	url = {http://www.mitpressjournals.org/doi/abs/10.1162/REST_a_00214#.U380ZvmSzSY,http://www.mitpressjournals.org/doi/abs/10.1162/REST_a_00214},
	urldate = {2014-05-23},
	volume = 94,
	year = 2011
}

@misc{Laegeforeningen2010Overenskomst,
	author = {Lægeforeningen},
	booktitle = {Vasa},
	journal = {Vasa},
	publisher = {PLO},
	title = {Overenskomst om almen praksis},
	url = {http://medcontent.metapress.com/index/A65RM03P4874243N.pdf},
	year = 2010
}

@article{Laffont1994Access,
	author = {Laffont, Jean-Jacques and Tirole, Jean},
	booktitle = {European Economic Review},
	doi = {10.1016/0014-2921(94)90046-9},
	issn = 00142921,
	journal = {European Economic Review},
	keywords = {Access pricing,Bypass,L51,Natural monopoly,Networks,Regulation},
	month = 12,
	number = 9,
	pages = {1673-1710},
	title = {Access pricing and competition},
	url = {http://www.sciencedirect.com/science/article/pii/0014292194900469},
	urldate = {2015-01-21},
	volume = 38,
	year = 1994
}

@article{Lambert2005No,
	author = {Schoonbeek, Lambert and Kooreman, Peter},
	booktitle = {Applied Economics Letters},
	doi = {10.1080/13504850500142544},
	issn = {1350-4851},
	journal = {Applied Economics Letters},
	number = 9,
	pages = {549-551},
	title = {No cure, be paid: super-contingent fee contracts},
	volume = 12,
	year = 2005
}

@article{Lang1995Partnerships,
	author = {Lang, Kevin and Gordon, Peter-John},
	booktitle = {RAND Journal of Economics},
	doi = {10.2307/2556009},
	issn = {0741-6261},
	journal = {RAND Journal of Economics},
	keywords = {CONJOINT analysis (Marketing),CORPORATE profits,HUMAN capital,LABOR economics,PARTNERSHIP (Business)},
	number = 4,
	pages = {614-629},
	title = {Partnerships as insurance devices: Theory and evidence},
	url = {http://search.ebscohost.com/login.aspx?direct=true&db=bth&AN=9601312242&site=ehost-live&scope=site},
	volume = 26,
	year = 1995
}

@article{Latex2010Reference,
	author = {Latex},
	booktitle = {Latex Technical Support},
	journal = {Latex Technical Support},
	number = 1990,
	pages = {1-6},
	title = {Reference sheet for natbib usage},
	url = {papers3://publication/uuid/4EEC6F12-2E7B-45D3-89CF-3D91122165E2},
	year = 2010
}

@article{Lawrenson1999Clinical,
	author = {Lawrenson, R and Williams, T and Farmer, R},
	booktitle = {Journal of public health medicine},
	doi = {10.1093/pubmed/21.3.299},
	issn = {0957-4832},
	journal = {Journal of public health medicine},
	keywords = {Bias (Epidemiology),Confounding Factors (Epidemiology),Cross-Sectional Studies,Databases,Factual,Family Practice,Health Services Research,Humans,Longitudinal Studies,Medical Audit,Outcome Assessment (Health Care),Pharmacoepidemiology,Population Surveillance,Reproducibility of Results,Research,research},
	month = 9,
	number = 3,
	pages = {299-304},
	title = {Clinical information for research; the use of general practice databases.},
	url = {http://www.ncbi.nlm.nih.gov/pubmed/10528957},
	volume = 21,
	year = 1999
}

@article{Lehmann1955Ordered,
	author = {Lehmann, E. L.},
	booktitle = {The Annals of Mathematical Statistics},
	doi = {10.1214/aoms/1177728487},
	issn = {0003-4851},
	journal = {The Annals of Mathematical Statistics},
	number = 3,
	pages = {399-419},
	title = {Ordered Families of Distributions},
	url = {http://www.jstor.org/stable/2236469},
	urldate = {2014-06-26},
	volume = 26,
	year = 1955
}

@article{Lehmann1988Comparing,
	author = {Lehmann, E. L.},
	booktitle = {The Annals of Statistics},
	doi = {10.1214/aos/1176350818},
	issn = {0090-5364},
	journal = {The Annals of Statistics},
	number = 2,
	pages = {521-533},
	title = {Comparing Location Experiments},
	url = {http://link.springer.com/chapter/10.1007/978-1-4614-1412-4_61,http://projecteuclid.org/euclid.aos/1176350818},
	urldate = {2014-09-25},
	volume = 16,
	year = 1988
}

@article{Lehnhardt2008Value,
	author = {Lehnhardt, Marcus and Daigeler, Adrien and Hauser, Joerg and Puls, Alexander and Soimaru, Christian and Kuhnen, Cornelius and Steinau, Hans Ulrich},
	booktitle = {Journal of Surgical Oncology},
	doi = {10.1002/jso.20897},
	issn = 00224790,
	journal = {Journal of Surgical Oncology},
	keywords = {Classification,Histology,Histopathology,Reference histology,Soft tissue sarcoma},
	month = 1,
	number = 1,
	pages = {40-43},
	title = {The value of expert second opinion in diagnosis of soft tissue sarcomas},
	url = {http://www.ncbi.nlm.nih.gov/pubmed/17918224},
	urldate = {2014-02-18},
	volume = 97,
	year = 2008
}

@article{Levin2006Relational,
	author = {Levin, Jonathan},
	booktitle = {The American Economic Review},
	issn = 00028282,
	journal = {The American Economic Review},
	number = 3,
	pages = {1-9},
	publisher = {American Economic Association},
	title = {Relational Incentive Contracts (Notes)},
	url = {http://www.jstor.org/stable/3132119},
	volume = 93,
	year = 2006
}

@article{Liederman2003Web,
	author = {Liederman, Eric M and Morefield, CS S},
	booktitle = {Journal of the American …},
	doi = {10.1197/jamia.M1259.The},
	journal = {Journal of the American …},
	pages = {260-271},
	title = {Web messaging: a new tool for patient-physician communication},
	url = {http://jamia.bmjjournals.com/content/10/3/260.short},
	urldate = {2013-04-22},
	year = 2003
}

@article{Lin2000Patient,
	author = {Lin, Chen Tan and Albertson, Gail and Price, David and Swaney, Robert and Anderson, Susan and Anderson, Robert J.},
	booktitle = {American Journal of Managed Care},
	doi = {908 [pii] ET - 2000/09/08},
	issn = 10880224,
	journal = {American Journal of Managed Care},
	number = 6,
	pages = {669-678},
	title = {Patient desire and reasons for specialist referral in a gatekeeper-model managed care plan},
	url = {http://www.researchgate.net/publication/12345726_Patient_desire_and_reasons_for_specialist_referral_in_a_gatekeeper-model_managed_care_plan/file/79e4150763803873fd.pdf},
	urldate = {2013-04-15},
	volume = 6,
	year = 2000
}

@article{Lindley1997Choice,
	author = {Lindley, Dennis V.},
	booktitle = {Journal of the Royal Statistical Society: Series D (The Statistician)},
	doi = {10.1111/1467-9884.00068},
	issn = {0039-0526},
	journal = {Journal of the Royal Statistical Society: Series D (The Statistician)},
	keywords = {bayes,sample size},
	month = 7,
	number = 2,
	pages = {129-138},
	title = {The choice of sample size},
	url = {http://doi.wiley.com/10.1111/1467-9884.00068},
	urldate = {2014-05-30},
	volume = 46,
	year = 1997
}

@article{Lozzi2007Additive,
	author = {Lozzi, G. P. and Soyer, Peter and Massone, C. and Micantonio, T. and Kraenke, B. and Fargnoli, M. C. and Fink-puches, R. and Binder, B. and Di Stefani, a. and Hofmann-wellenhof, R. and Peris, K.},
	booktitle = {Journal of the European Academy of Dermatology and Venereology},
	doi = {10.1111/j.1468-3083.2006.01846.x},
	issn = 09269959,
	journal = {Journal of the European Academy of Dermatology and Venereology},
	keywords = {Additive value,Second opinion,Store-and-forward (SAF),Teleconsultation,Teledermatology,Telemedicine},
	month = 1,
	number = 1,
	pages = {30-34},
	title = {The additive value of second opinion teleconsulting in the management of patients with challenging inflammatory, neoplastic skin diseases: A best practice model in dermatology?},
	url = {http://www.ncbi.nlm.nih.gov/pubmed/17207164},
	urldate = {2014-10-02},
	volume = 21,
	year = 2007
}

@article{Ma1997Optimal,
	author = {Ma, Ching-To Albert And McGuire, Thomas G. and Ma, Ching-To Albert And McGuire, Thomas G.},
	booktitle = {American Economic Review},
	journal = {American Economic Review},
	number = 4,
	pages = {685-704},
	title = {Optimal Health Insurance and Provider Payment \r},
	url = {http://www.jstor.org/stable/2951369},
	urldate = {2014-05-23},
	volume = 87,
	year = 1997
}

@article{Ma2002Health,
	author = {Ma, Ching-To a and Riordan, Michael H},
	booktitle = {Journal of Economics \& Management Strategy},
	doi = {10.1111/j.1430-9134.2002.00081.x},
	issn = {1058-6407},
	journal = {Journal of Economics \& Management Strategy},
	month = 3,
	number = 1,
	pages = {81-107},
	title = {Health Insurance, Moral Hazard, and Managed Care},
	url = {http://doi.wiley.com/10.1111/j.1430-9134.2002.00081.x},
	urldate = {2014-09-22},
	volume = 11,
	year = 2002
}

@book{Mailath2006Repeated,
	author = {Mailath, George J. and Samuelson, Larry},
	booktitle = {OUP Catalogue},
	journal = {OUP Catalogue},
	pages = 664,
	publisher = {Oxford University Press},
	title = {Repeated Games and Reputation: Long-Run Relationships},
	url = {http://ideas.repec.org/b/oxp/obooks/9780195300796.html},
	urldate = {2013-07-16},
	year = 2006
}

@article{Manning2001Health,
	author = {Manning, Willard G. and Marquis, M. Susan},
	booktitle = {Journal of Health Economics},
	doi = {10.1016/S0167-6296(00)00074-6},
	issn = 01676296,
	journal = {Journal of Health Economics},
	keywords = {Insurance,Medical demand,Moral hazard,Second best pricing},
	month = 3,
	number = 2,
	pages = {289-293},
	title = {Health insurance: Tradeoffs revisited},
	url = {http://www.ncbi.nlm.nih.gov/pubmed/11252376},
	volume = 20,
	year = 2001
}

@article{Manuelandhonore2001Panel,
	author = {Arellano ManuelandHonoré, Bo E},
	booktitle = {Handbook of Econometrics},
	journal = {Handbook of Econometrics},
	pages = {3229-3296},
	title = {Panel Data Models: Some Recent Developments},
	url = {http://www.sciencedirect.com/science/article/pii/S1573441201050061},
	urldate = {2013-09-09},
	volume = 5,
	year = 2001
}

@article{Marschak1968Economic,
	author = {Marschak, Jacob and Miyasawa, Koichi},
	booktitle = {International Economic Review},
	doi = {10.2307/2525472},
	issn = {0020-6598},
	journal = {International Economic Review},
	number = 2,
	pages = {137-174},
	title = {Economic Comparability of Information Systems},
	url = {http://www.jstor.org/stable/2525472},
	urldate = {2014-03-03},
	volume = 9,
	year = 1968
}

@book{Marschak1972Economic,
	author = {Marschak, Jacob and Radner, Roy},
	booktitle = {Cowles Foundation Discussion Papers},
	issn = 00223077,
	journal = {Cowles Foundation Discussion Papers},
	pages = {2377-2387},
	publisher = {Yale University Press},
	title = {Economic Theory of Teams},
	url = {http://scholar.google.com/scholar?hl=en&btnG=Search&q=intitle:economic+theory+of+teams#3},
	urldate = {2013-06-07},
	volume = 96,
	year = 1972
}

@article{Martimort1996Exclusive,
	author = {Martimort, David},
	booktitle = {The RAND Journal of Economics},
	doi = {10.2307/2555790},
	issn = 07416261,
	journal = {The RAND Journal of Economics},
	keywords = {Commen,Commen Agency,agency},
	number = 1,
	pages = {1-31},
	publisher = {Wiley-Blackwell on behalf of The RAND Corporation},
	title = {Exclusive Dealing, Common Agency, and Multiprincipals Incentive Theory},
	url = {http://www.jstor.org/stable/2555790\npapers2://publication/uuid/7FA52FA4-017D-4B95-B703-0B324ADA4E56},
	volume = 27,
	year = 1996
}

@article{Mcgeady2008Impact,
	author = {McGeady, David and Kujala, Jaakko and Ilvonen, Karita},
	booktitle = {International Journal of Medical Informatics},
	doi = {10.1016/j.ijmedinf.2006.11.004},
	issn = 13865056,
	journal = {International Journal of Medical Informatics},
	keywords = {E-health,Patient-physician online communication,Web messaging,eHealth},
	month = 1,
	number = 1,
	pages = {17-23},
	title = {The impact of patient-physician web messaging on healthcare service provision},
	url = {http://www.ncbi.nlm.nih.gov/pubmed/15869217,http://www.ncbi.nlm.nih.gov/pubmed/17188564},
	urldate = {2013-04-15},
	volume = 77,
	year = 2008
}

@article{Mcguire1972Comparisons,
	author = {McGuire, C B},
	booktitle = {Decision and Organization},
	journal = {Decision and Organization},
	keywords = {Information,Structure},
	pages = {101-130},
	title = {Comparisons of Information Structures},
	url = {http://ideas.repec.org/p/cwl/cwldpp/71.html},
	urldate = {2013-06-10},
	year = 1972
}

@article{Mcguire1991Physician,
	author = {McGuire, T. G. and Pauly, Mark V.},
	booktitle = {Journal of Health Economics},
	doi = {10.1016/0167-6296(91)90022-F},
	issn = 01676296,
	journal = {Journal of Health Economics},
	month = 1,
	number = 4,
	pages = {385-410},
	title = {Physician response to fee changes with multiple payers},
	url = {http://www.sciencedirect.com/science/article/pii/016762969190022F},
	urldate = {2014-05-23},
	volume = 10,
	year = 1991
}

@incollection{Mcguire2000Chapter,
	author = {McGuire, Thomas G.},
	booktitle = {Handbook of Health Economics},
	chapter = 9,
	doi = {10.1016/S1574-0064(00)80168-7},
	issn = 15740064,
	journal = {Handbook of Health Economics},
	keywords = {I11,L84,agency,insurance,managed care,monopolistic competition,networks,physician-induced demand,price regulation,quantity-setting,target income},
	pages = {461-536},
	publisher = {Elsevier},
	title = {Chapter 9 Physician agency},
	url = {http://www.sciencedirect.com/science/article/pii/S1574006400801687},
	volume = 1,
	year = 2000
}

@incollection{Mcguire2008Physician,
	author = {McGuire, Tg},
	booktitle = {Incentives and choice in health care},
	chapter = 10,
	journal = {Incentives and choice in health care},
	pages = {280-305},
	title = {Physician Fees and Behavior: Implications for Structuring a Fee Schedule},
	url = {http://books.google.com/books?hl=en&lr=&id=pCk3AgAAQBAJ&oi=fnd&pg=PA263&dq=physician+fees+and+behavior:+implication+for+structuring+a+fee+schedule&ots=xlYGh-wap2&sig=rIWW1wEmmdwvGVNciQTtnYIIXz4\nhttp://books.google.com/books?hl=en&lr=&id=pCk3AgAAQBAJ&oi=f},
	urldate = {2014-08-13},
	year = 2008
}

@article{Medaglia2010Information,
	author = {Medaglia, Rony and Andersen, Kn},
	booktitle = {Information Systems},
	journal = {Information Systems},
	number = 1,
	title = {Information Systems and Healthcare XXXVIII: Virus Outbreak - Online GP Consultations Escalating Healthcare Costs},
	url = {http://citeseerx.ist.psu.edu/viewdoc/download?doi=10.1.1.186.8936&rep=rep1&type=pdf},
	urldate = {2013-04-22},
	volume = 27,
	year = 2010
}

@article{Meyer2013Supermodular,
	author = {Meyer, Margaret and Strulovici, Bruno},
	keywords = {concordance,copula,correlation,d63,d81,g11,g22,interdependence,jel codes,jorization,ma-,mixture,supermodular,tournament},
	number = 1151410,
	pages = {1-52},
	title = {The supermodular stochastic ordering},
	url = {http://www.econstor.eu/handle/10419/97250},
	urldate = {2014-06-24},
	year = 2013
}

@article{Milgrom1981Good,
	author = {Milgrom, Paul R},
	booktitle = {Bell Journal of Economics},
	doi = {10.2307/3003562},
	issn = {0361915X},
	journal = {Bell Journal of Economics},
	number = 2,
	pages = {380-391},
	title = {Good news and Bad News: Representation Theorems and Applications},
	url = {http://www.jstor.org/stable/3003562},
	urldate = {2014-06-18},
	volume = 12,
	year = 1981
}

@article{Milgrom1982Theory,
	author = {Milgrom, Paul R and Weber, Robert J},
	booktitle = {Econometrica},
	doi = {10.2307/1911865},
	issn = {0012-9682},
	journal = {Econometrica},
	keywords = {auctions,cellular,mechanism},
	month = 9,
	number = 5,
	pages = {1089-1122},
	title = {A Theory of Auctions and Competitive Bidding},
	url = {http://links.jstor.org/sici?sici=0012-9682(198209)50:5<1089:ATOAAC>2.0.CO;2-E},
	urldate = {2014-09-25},
	volume = 50,
	year = 1982
}

@article{Milgrom1990Rationalizability,
	author = {Milgrom, Paul and Roberts, John},
	booktitle = {Econometrica},
	doi = {10.2307/2938316},
	issn = 00129682,
	journal = {Econometrica},
	keywords = {game theory,iterated dominance,learning,strate-,supermodular games},
	number = 6,
	pages = {1255-1277},
	title = {Rationalizability, Learning, and Equilibrium in Games with Strategic Complementarities},
	url = {http://www.jstor.org/stable/2938316\npapers2://publication/uuid/AB506E6D-C581-4AE0-B0CB-64F49DECBCC7},
	urldate = {2014-10-17},
	volume = 58,
	year = 1990
}

@article{Milgrom1994Monotone,
	author = {Milgrom, Paul and Shannon, Chris},
	booktitle = {Econometrica},
	doi = {10.2307/2951479},
	issn = {0012-9682},
	journal = {Econometrica},
	keywords = {comparative,monotone,quasisupermodular,single crossing condition,single crossing property,statics,strategic complements,supermodular},
	number = 1,
	pages = {157-180},
	title = {Monotone Comparative Statics},
	url = {http://www.jstor.org/stable/2951479\nhttp://www.jstor.org/stable/pdfplus/2951479.pdf?acceptTC=true},
	urldate = {2014-09-25},
	volume = 62,
	year = 1994
}

@article{Milgrom2002Envelope,
	author = {Milgrom, Paul and Segal, Ilya},
	booktitle = {Econometrica},
	doi = {10.1111/1468-0262.00296},
	issn = {0012-9682},
	journal = {Econometrica},
	keywords = {differentiable value function,envelope theorem,math,mechanism design,programming,sensitivity analysis},
	number = 2,
	pages = {583-601},
	title = {Envelope Theorems for Arbitrary Choice Sets},
	volume = 70,
	year = 2002
}

@article{Miller2011Can,
	author = {Miller, Amalia R. and Tucker, Catherine E.},
	booktitle = {The Journal of Political Economy},
	doi = {10.1086/660083},
	issn = 00223808,
	journal = {The Journal of Political Economy},
	month = 4,
	number = 2,
	pages = {289-324},
	publisher = {University of Chicago PressChicago, IL},
	title = {Can Health Care Information Technology Save Babies?},
	url = {http://www.jstor.org/stable/10.1086/660083},
	urldate = {2014-05-23},
	volume = 119,
	year = 2011
}

@article{Molander1992Prevalence,
	author = {Molander, P.},
	booktitle = {Journal of Conflict Resolution},
	doi = {10.1177/0022002792036004007},
	issn = {0022-0027},
	journal = {Journal of Conflict Resolution},
	keywords = {free-riding},
	month = 12,
	number = 4,
	pages = {756-771},
	title = {The Prevalence of Free Riding},
	url = {http://jcr.sagepub.com/content/36/4/756.short},
	urldate = {2013-04-19},
	volume = 36,
	year = 1992
}

@unpublished{Molzon2011Marginal,
	author = {Molzon, Robert},
	keywords = {and phrases,entropy,information,marginal value,standard experiment},
	pages = {1-9},
	title = {Marginal Value of Information},
	url = {http://www.ms.uky.edu/~molzon/slides/value_of_information.pdf},
	urldate = {2014-04-11},
	year = 2011
}

@article{Morrell1972Symptom,
	author = {Morrell, D C},
	booktitle = {The Journal of the Royal College of General Practitioners},
	issn = {0035-8797},
	journal = {The Journal of the Royal College of General Practitioners},
	keywords = {Adolescent,Adult,Age Factors,Aged,Child,Diagnosis,Family Practice,Female,Gastrointestinal Diseases,Gastrointestinal Diseases: diagnosis,Humans,Infant,Male,Middle Aged,Preschool,Sex Factors,symptoms},
	month = 5,
	number = 118,
	pages = {297-309},
	title = {Symptom interpretation in general practice.},
	url = {http://www.pubmedcentral.nih.gov/articlerender.fcgi?artid=2156732&tool=pmcentrez&rendertype=abstract},
	urldate = {2013-05-24},
	volume = 22,
	year = 1972
}

@article{Morris1998Unique,
	author = {Morris, Stephen and Shin, Hyun Song},
	booktitle = {American Economic Review},
	doi = {10.1257/aer.90.1.316},
	issn = 00028282,
	journal = {American Economic Review},
	pages = {587-597},
	title = {Unique Equilibrium in a Model of Self-Fulfilling Currency Attacks},
	volume = 88,
	year = 1998
}

@book{Morris2006Economic,
	author = {Morris, Stephen and Devlin, Nancy and Parkin, David},
	pages = 416,
	publisher = {John Wiley \& Sons},
	title = {Economic Analysis in Health Care},
	url = {http://www.google.dk/books?hl=en&lr=&id=--mN2RirIKEC&pgis=1},
	urldate = {2014-05-01},
	year = 2006
}

@article{Moscarini2002Law,
	author = {Moscarini, Giuseppe and Smith, Lones},
	booktitle = {Econometrica},
	doi = {10.1111/j.1468-0262.2002.00442.x},
	issn = {0012-9682},
	journal = {Econometrica},
	keywords = {bayesian decision theory,comparison of experiments,demand for information,large deviation theory,logarithmic demand,value of information},
	number = 6,
	pages = {2351-2366},
	title = {The Law of Large Demand for Information},
	url = {http://onlinelibrary.wiley.com/doi/10.1111/j.1468-0262.2002.00442.x/abstract},
	urldate = {2013-06-04},
	volume = 70,
	year = 2002
}

@article{Moulton1990Illustration,
	author = {Moulton, Brent R},
	booktitle = {The Review of Economics and Statistics},
	doi = {10.2307/2109724},
	issn = 00346535,
	journal = {The Review of Economics and Statistics},
	number = 2,
	pages = {334-338},
	title = {An Illustration of a Pitfall in Estimating the Effects of Aggregate Variables on Micro Units},
	url = {http://www.jstor.org/stable/10.2307/2109724},
	urldate = {2013-10-21},
	volume = 72,
	year = 1990
}

@book{Muennig2007CostEffectiveness,
	author = {Muennig, P},
	edition = 2,
	publisher = {Jossy-Bass},
	title = {Cost-effectiveness analysis in health: a practical approach},
	url = {http://books.google.com/books?hl=en&lr=&id=nTH6Fi33QgkC&oi=fnd&pg=PR5&dq=Cost-+effectiveness+analyses+in+health+-+A+practical+approach&ots=fpmzvGJgJz&sig=VZ4iqUZYqAoyH39MjpH4-9cQVfU},
	urldate = {2014-04-09},
	year = 2007
}

@article{Mullen2010Can,
	author = {Mullen, Kathleen J. and Frank, Richard G. and Rosenthal, Meredith B.},
	booktitle = {RAND Journal of Economics},
	doi = {10.1111/j.1756-2171.2009.00090.x},
	issn = 07416261,
	journal = {RAND Journal of Economics},
	month = 3,
	number = 1,
	pages = {64-91},
	title = {Can you get what you pay for? Pay-for-performance and the quality of healthcare providers},
	url = {http://doi.wiley.com/10.1111/j.1756-2171.2009.00090.x},
	urldate = {2014-05-23},
	volume = 41,
	year = 2010
}

@article{Mulley2009Inconvenient,
	author = {Mulley, Albert G},
	booktitle = {BMJ (Clinical research ed.)},
	doi = {10.1136/bmj.b4073},
	issn = {0959-8138},
	journal = {BMJ (Clinical research ed.)},
	keywords = {SID},
	pages = {b4073},
	title = {Inconvenient truths about supplier induced demand and unwarranted variation in medical practice.},
	volume = 339,
	year = 2009
}

@unpublished{Mundra2010Revisiting,
	author = {Mundra, Kusum and Russell, Rr},
	keywords = {direct and dual,elasticities of substitution,non-homogeneity,nonpara-},
	title = {Revisiting Elasticities of Substitution},
	year = 2010
}

@article{Mwabu2007Chapter,
	author = {Mwabu, Germano},
	booktitle = {Handbook of Development Economics},
	doi = {10.1016/S1573-4471(07)04053-3},
	issn = 15734471,
	journal = {Handbook of Development Economics},
	keywords = {health care markets,health economics,health production,household production and intra-household allocatio,low-income countries},
	number = 07,
	pages = {3305-3374},
	title = {Chapter 53 Health Economics for Low-Income Countries},
	url = {http://www.sciencedirect.com/science/article/pii/S1573447107040533},
	urldate = {2013-09-16},
	volume = 4,
	year = 2007
}

@article{Myerson1979Incentive,
	author = {Myerson, Roger B},
	booktitle = {Econometrica},
	doi = {10.2307/1912346},
	issn = 00129682,
	journal = {Econometrica},
	keywords = {bargaining,cellular,incomplete information,mechanism,revelation principle},
	number = 1,
	pages = {61-73},
	title = {Incentive Compatibility and the Bargaining Problem},
	url = {http://links.jstor.org/sici?sici=0012-9682(197901)47:1<61:ICATBP>2.0.CO;2-O},
	urldate = {2013-04-16},
	volume = 47,
	year = 1979
}

@article{Nadiminti1996Risk,
	author = {Nadiminti, Raja and Mukhopadhyay, Tridas and Kriebel, Charles H.},
	booktitle = {Decision Support Systems},
	doi = {10.1016/0167-9236(95)00023-2},
	issn = 01679236,
	journal = {Decision Support Systems},
	keywords = {Costless information,Costly information,Information economics,Risk aversion,Value of information},
	month = 3,
	number = 3,
	pages = {241-254},
	title = {Risk aversion and the value of information},
	url = {http://www.sciencedirect.com/science/article/pii/0167923695000232},
	urldate = {2014-07-01},
	volume = 16,
	year = 1996
}

@article{Nash1953TwoPerson,
	author = {Nash, J},
	booktitle = {Econometrica: Journal of the Econometric Society},
	journal = {Econometrica: Journal of the Econometric Society},
	number = 1,
	pages = {128-140},
	title = {Two-person cooperative games},
	url = {http://www.jstor.org/stable/10.2307/1906951},
	urldate = {2013-04-17},
	volume = 21,
	year = 1953
}

@book{Neath2006Testing,
	author = {Neath, Andrew a},
	booktitle = {Journal of the American Statistical Association},
	doi = {10.1198/jasa.2006.s100},
	issn = {0162-1459},
	journal = {Journal of the American Statistical Association},
	pages = {847-848},
	title = {Testing Statistical Hypotheses},
	url = {http://www.worldcat.org/isbn/0387988645},
	volume = 101,
	year = 2006
}

@article{Newhouse1970Model,
	author = {Newhouse, Jp},
	booktitle = {Southern Economic Journal},
	doi = {10.2307/1056127},
	issn = 00384038,
	journal = {Southern Economic Journal},
	keywords = {*economics,*medical,*medicine,analysis,and,attitudespsychology,classification,competition,cost,costs,economics,effectiveness,engineering,mathematical,medical,medicine,models,monopolies,personnel,prices,psychology,research,value},
	number = 2,
	pages = {174-184},
	title = {A model of physician pricing},
	url = {http://www.jstor.org/stable/10.2307/1056127\nhttp://dx.doi.org/10.2307/1056127},
	urldate = {2013-03-26},
	volume = 37,
	year = 1970
}

@article{Newhouse1973Economics,
	author = {Newhouse, Joseph P. JP},
	booktitle = {The Journal of Human Resources},
	doi = {10.2307/144634},
	issn = {0022166X},
	journal = {The Journal of Human Resources},
	number = 1,
	pages = {37-56},
	title = {The Economics of Group Practice},
	url = {http://www.jstor.org/stable/144634?origin=crossref},
	volume = 8,
	year = 1973
}

@techreport{Newhouse1976New,
	address = {Santa Monica, CA},
	author = {Newhouse, Jp and Phelps, Ce},
	booktitle = {The role of health insurance in the health services sector},
	doi = {R-1197-NC/OEO},
	institution = {RAND Corporation},
	journal = {The role of health insurance in the health services sector},
	keywords = {NONE},
	number = {June},
	pages = {261-320},
	publisher = {Rand},
	school = {RAND Corporation},
	title = {New estimates of price and income elasticities of medical care services},
	url = {http://www.nber.org/chapters/c3821.pdf},
	urldate = {2013-08-05},
	volume = {I},
	year = 1976
}

@article{Newton1996General,
	author = {Newton, J and Eccles, M and Soutter, J},
	booktitle = {Journal of management in medicine},
	doi = {10.1108/02689239610117843},
	issn = {0268-9235},
	journal = {Journal of management in medicine},
	keywords = {Conflict (Psychology),Decision Making,Family Practice,Family Practice: economics,Family Practice: organization \& administration,Great Britain,Health Services Research,Interprofessional Relations,Organizational,Partnership Practice,Professional Autonomy},
	month = 1,
	number = 2,
	pages = {62-71},
	title = {General practice partnerships: an exploratory review.},
	url = {http://www.ncbi.nlm.nih.gov/pubmed/10162760},
	volume = 10,
	year = 1996
}

@article{Nielsen2013Relationship,
	author = {Nielsen, Th},
	keywords = {1353 copenhagen,building 26,denmark,department of economic,hospital records,mortality,self-rated health,university of copenhagen,øster farimagsgade 5},
	pages = {0-31},
	title = {The Relationship between Self-rated Health and Hospital Records},
	url = {http://www.eale.nl/Conference2013/program/Parallel session D/D05_Nielsen_revised.pdf},
	urldate = {2013-09-10},
	year = 2013
}

@article{Nikiforakis2008Punishment,
	author = {Nikiforakis, Nikos},
	booktitle = {Journal of Public Economics},
	doi = {10.1016/j.jpubeco.2007.04.008},
	issn = 00472727,
	journal = {Journal of Public Economics},
	keywords = {Counter-punishment,Decentralized punishment,Experimental economics,Public goods,Revenge},
	month = 2,
	number = {1-2},
	pages = {91-112},
	title = {Punishment and counter-punishment in public good games: Can we really govern ourselves?},
	url = {http://dx.doi.org/10.1016/j.jpubeco.2007.04.008},
	urldate = {2013-03-23},
	volume = 92,
	year = 2008
}

@article{Nocetti2010Uncertainty,
	author = {Nocetti, Diego and Smith, William T},
	booktitle = {The B.E. Journal of Economic Analysis \& Policy},
	doi = {10.2202/1935-1682.2626},
	issn = {1935-1682},
	journal = {The B.E. Journal of Economic Analysis \& Policy},
	keywords = {315-268-3870,5790,b university of memphis,clarkson,clarkson university,corresponding author,demand for health care,diego nocetti,dnocetti,e-mail,edu,health uncertainty,intertemporal substitution,multivariate risk aversion,ny,po box,potsdam,precautionary,preventive care,saving,tel},
	month = 1,
	number = 1,
	pages = {1-23},
	title = {Uncertainty, the Demand for Health Care, and Precautionary Saving},
	url = {http://www.degruyter.com/view/j/bejeap.2010.10.1/bejeap.2010.10.1.2626/bejeap.2010.10.1.2626.xml},
	volume = 10,
	year = 2010
}

@article{Nyman2008Health,
	author = {Nyman, John a.},
	booktitle = {European Journal of Health Economics},
	doi = {10.1007/s10198-007-0084-z},
	issn = 16187598,
	journal = {European Journal of Health Economics},
	keywords = {Health insurance theory,Moral hazard,Welfare},
	number = 4,
	pages = {369-380},
	publisher = {Springer Berlin / Heidelberg},
	title = {Health insurance theory: The case of the missing welfare gain},
	url = {http://dx.doi.org/10.1007/s10198-007-0084-z},
	volume = 9,
	year = 2008
}

@article{Okunade1999Will,
	author = {Okunade, Albert a.},
	booktitle = {Health Economics},
	doi = {10.1002/(SICI)1099-1050(199905)8:3{	extless}221::AID-HEC408{	extgreater}3.0.CO;2-Y},
	issn = 10579230,
	journal = {Health Economics},
	keywords = {Allen-Uzawa partial elasticities,Conditional factor demands and pairwise input subs,Elasticities,Morishima,Norwegian dentistry costs,Policy,Shadow elasticities},
	number = 6,
	pages = {221-232},
	title = {Will the real elasticity of substitution 'in Norwegian dentistry' please stand up?},
	url = {http://onlinelibrary.wiley.com/doi/10.1002/(SICI)1099-1050(199905)8:3<221::AID-HEC408>3.0.CO;2-Y/full},
	urldate = {2014-01-30},
	volume = 8,
	year = 1999
}

@article{Oliver1980Rewards,
	author = {Oliver, E},
	booktitle = {American Journal of Sociology 85: 1356-1375.},
	journal = {American Journal of Sociology 85: 1356-1375.},
	number = 6,
	pages = {1356-1375},
	title = {Rewards and Punishment as Selective Incentives for Collective Action: Theoretical Investigations},
	url = {http://www.jstor.org/stable/10.2307/2778382},
	urldate = {2013-04-16},
	volume = 85,
	year = 1980
}

@book{Osborne1995Course,
	author = {Osborne, MJ J and Rubinstein, Ariel},
	booktitle = {Computers \& Mathematics with Applications},
	doi = {10.1016/0898-1221(95)90101-9},
	issn = 08981221,
	journal = {Computers \& Mathematics with Applications},
	pages = 115,
	title = {A course in game theory},
	url = {http://books.google.com/books?hl=en&lr=&id=5ntdaYX4LPkC&oi=fnd&pg=PR11&dq=A+Course+in+Game+Theory&ots=kBHNhh5tAy&sig=pMx6ttGRGofkBVzaGoUhri_HVlU,http://books.google.com/books?hl=en&lr=&id=5ntdaYX4LPkC&oi=fnd&pg=PR11&dq=A+course+in+game+theory&ots=kBHNhh5u},
	urldate = {2014-01-13},
	volume = 29,
	year = 1995
}

@article{Ostrom1992Covenants,
	author = {Ostrom, Elinor and Walker, James and Gardner, Roy},
	booktitle = {The American Political Science Review},
	doi = {10.2307/1964229},
	issn = 00030554,
	journal = {The American Political Science Review},
	number = 2,
	pages = 404,
	title = {Covenants With and Without a Sword: Self-Governance is Possible},
	url = {http://www.jstor.org/stable/1964229?origin=crossref},
	urldate = {2013-04-19},
	volume = 86,
	year = 1992
}

@article{Pauly1981Pricing,
	author = {Pauly, Mark V. and Satterthwaite, Ma a},
	booktitle = {The Bell Journal of Economics},
	journal = {The Bell Journal of Economics},
	number = 2,
	pages = {488-506},
	publisher = {JSTOR},
	title = {The pricing of primary care physicians services: a test of the role of consumer information},
	url = {http://www.jstor.org/stable/10.2307/3003568},
	urldate = {2013-03-25},
	volume = 12,
	year = 1981
}

@article{Pauly2008Economics,
	author = {Pauly, Mark V.},
	booktitle = {The American Economic Review},
	journal = {The American Economic Review},
	number = 3,
	pages = {531-537},
	title = {The Economics of Moral Hazard},
	url = {http://www.jstor.org/stable/10.2307/1813785},
	urldate = {2013-06-12},
	volume = 58,
	year = 2008
}

@article{Pauly2008Moral,
	author = {Pauly, Mark V. and Blavin, Fredric E.},
	booktitle = {Journal of Health Economics},
	doi = {10.1016/j.jhealeco.2008.07.003},
	issn = 01676296,
	journal = {Journal of Health Economics},
	keywords = {Health insurance,Moral hazard,Value-based cost sharing},
	number = 6,
	pages = {1407-1417},
	title = {Moral hazard in insurance, value-based cost sharing, and the benefits of blissful ignorance},
	url = {http://www.sciencedirect.com/science/article/pii/S0167629608000878},
	volume = 27,
	year = 2008
}

@article{Pearce1998Interaction,
	author = {Pearce, David G and Stacchetti, Ennio},
	booktitle = {Games and Economic Behavior},
	doi = {10.1006/game.1997.0607},
	issn = 08998256,
	journal = {Games and Economic Behavior},
	month = 4,
	number = 1,
	pages = {75-96},
	title = {The interaction of implicit and explicit contracts in repeated agency},
	url = {http://www.sciencedirect.com/science/article/B6WFW-45JC9F0-27/2/8e328d0733c9dd93a4a3e624335a195a},
	volume = 23,
	year = 1998
}

@article{Pearl1978Economic,
	author = {Pearl, Judea},
	booktitle = {International Journal of Man-Machine Studies},
	doi = {10.1016/S0020-7373(78)80010-8},
	issn = 00207373,
	journal = {International Journal of Man-Machine Studies},
	pages = {175-183},
	title = {An economic basis for certain methods of evaluating probabilistic forecasts},
	url = {http://www.sciencedirect.com/science/article/pii/S0020737378800108},
	urldate = {2013-05-27},
	volume = 10,
	year = 1978
}

@article{Pearl1979Entropy,
	author = {Pearl, J},
	booktitle = {Foundations},
	journal = {Foundations},
	number = {July},
	pages = {93-109},
	title = {Entropy, information and rational decisions},
	url = {ftp://ftp.cs.ucla.edu/pub/stat_ser/reprint17.pdf},
	urldate = {2013-07-23},
	volume = 3,
	year = 1979
}

@article{Pearl1991Ch2,
	author = {Pearl, Judea},
	booktitle = {Causality},
	journal = {Causality},
	title = {ch2 - A theory of inferred causation},
	url = {http://citeseerx.ist.psu.edu/viewdoc/summary?doi=10.1.1.51.7221},
	urldate = {2013-05-27},
	year = 1991
}

@article{Pedersen2012General,
	author = {Pedersen, K. M. and Andersen, J. S. and Sondergaard, J.},
	booktitle = {The Journal of the American Board of Family Medicine},
	doi = {10.3122/jabfm.2012.02.110216},
	issn = {1557-2625},
	journal = {The Journal of the American Board of Family Medicine},
	keywords = {After-Hours Care,After-Hours Care: organization \& administration,Denmark,Fee-for-Service Plans,General Practice,General Practice: organization \& administration,Health Care,Primary Health Care,Primary Health Care: organization \& administration,Quality Assurance,State Medicine,State Medicine: organization \& administration,Universal Coverage},
	month = 3,
	number = {April},
	pages = {S34-S38},
	title = {General Practice and Primary Health Care in Denmark},
	url = {http://www.ncbi.nlm.nih.gov/pubmed/22403249},
	urldate = {2013-04-15},
	volume = 25,
	year = 2012
}

@book{Persico1996Information,
	author = {Persico, Nicola},
	title = {Information acquisition in affiliated decision problems},
	url = {http://www.kellogg.northwestern.edu/research/math/papers/1149.pdf},
	urldate = {2014-06-30},
	year = 1996
}

@article{Persico2000Information,
	author = {Persico, Nicola},
	booktitle = {Econometrica},
	doi = {10.1111/1468-0262.00096},
	issn = {0012-9682},
	journal = {Econometrica},
	number = 1,
	pages = {135-148},
	title = {Information Acquisition in Auctions},
	url = {http://doi.wiley.com/10.1111/1468-0262.00096,http://onlinelibrary.wiley.com/doi/10.1111/1468-0262.00096/abstract},
	urldate = {2014-06-10},
	volume = 68,
	year = 2000
}

@article{Pesaran2014Aggregation,
	author = {Pesaran, M. Hashem and Chudik, Alexander},
	booktitle = {Journal of Econometrics},
	doi = {10.1016/j.jeconom.2013.08.027},
	issn = 03044076,
	journal = {Journal of Econometrics},
	keywords = {Aggregation,Factor models,Impulse responses,Inflation persistence,Large dynamic panels,Long memory,VAR models,Weak and strong cross section dependence},
	month = 1,
	number = {January},
	pages = {273-285},
	title = {Aggregation in large dynamic panels},
	url = {http://papers.ssrn.com/sol3/papers.cfm?abstract_id=1765643,http://linkinghub.elsevier.com/retrieve/pii/S0304407613001917},
	urldate = {2014-09-22},
	volume = 178,
	year = 2014
}

@article{Pescosolido1992Beyond,
	author = {Pescosolido, Bernice a.},
	booktitle = {American Journal of Sociology},
	doi = {10.1086/229863},
	issn = {0002-9602},
	journal = {American Journal of Sociology},
	keywords = {Demand,Rational choice,demand},
	number = 4,
	pages = 1096,
	publisher = {JSTOR},
	title = {Beyond Rational Choice: The Social Dynamics of How People Seek Help},
	url = {http://www.jstor.org/stable/10.2307/2781508},
	urldate = {2013-03-25},
	volume = 97,
	year = 1992
}

@article{Phelps1974Coinsurance,
	author = {Phelps, Ce and Newhouse, Jp},
	booktitle = {the Review of Economics and Statistics},
	doi = {10.2307/1923971},
	journal = {the Review of Economics and Statistics},
	number = 3,
	pages = {334-342},
	title = {Coinsurance, the price of time, and the demand for medical services},
	url = {http://www.jstor.org/stable/10.2307/1923971},
	urldate = {2013-07-31},
	volume = 56,
	year = 1974
}

@article{Picone2002Are,
	author = {Picone, Gabriel and Chou, Shin-yi and Sloan, Frank},
	booktitle = {The Rand journal of economics},
	doi = {10.2307/3087470},
	issn = {0741-6261},
	journal = {The Rand journal of economics},
	keywords = {Empirical Approach,Health Care and Public Health},
	number = 3,
	pages = {507-523},
	title = {Are for-profit hospital conversions harmful to patients and to Medicare?},
	url = {http://www.jstor.org/stable/3087470},
	urldate = {2014-05-23},
	volume = 33,
	year = 2002
}

@article{Pohlmeier1995Econometric,
	author = {Pohlmeier, W and Ulrich, Volker},
	booktitle = {Journal of Human Resources},
	journal = {Journal of Human Resources},
	number = 2,
	pages = {339-361},
	title = {An econometric model of the two-part decisionmaking process in the demand for health care},
	url = {http://www.jstor.org/stable/10.2307/146123},
	urldate = {2013-04-24},
	volume = 30,
	year = 1995
}

@techreport{PraktiserendeLaegersOrganisation2010PloS,
	author = {{Praktiserende Lægers Organisation}},
	institution = {Praktiserende Lægers Organisation},
	number = {november},
	school = {Praktiserende Lægers Organisation},
	title = {PLO's omkostningsundersøgelse 2009. 1.},
	year = 2010
}

@article{Prendergast1999Provision,
	author = {Prendergast, Canice},
	booktitle = {Journal of Economic Literature},
	doi = {10.1257/jel.37.1.7},
	issn = {0022-0515},
	journal = {Journal of Economic Literature},
	number = 1,
	pages = {7-63},
	title = {The Provision of Incentives in Firms},
	url = {http://www.jstor.org/stable/10.2307/2564725},
	urldate = {2013-04-15},
	volume = 37,
	year = 1999
}

@article{Propper1998Effects,
	author = {Propper, Carol and Wilson, Deborah and Söderlund, Neil},
	booktitle = {Journal of Health Economics},
	doi = {10.1016/S0167-6296(98)00029-0},
	issn = 01676296,
	journal = {Journal of Health Economics},
	keywords = {Competition,Internal markets,National Health Service,Pricing behaviour},
	number = 6,
	pages = {645-673},
	publisher = {Elsevier},
	title = {The effects of regulation and competition in the NHS internal market: The case of general practice fundholder prices},
	volume = 17,
	year = 1998
}

@article{Quah2009Comparative,
	author = {Quah, John K.-H. and Strulovici, Bruno},
	booktitle = {Econometrica},
	doi = {10.3982/ECTA7583},
	issn = {0012-9682},
	journal = {Econometrica},
	number = 6,
	pages = {1949-1992},
	title = {Comparative Statics, Informativeness, and the Interval Dominance Order},
	url = {http://doi.wiley.com/10.3982/ECTA7583},
	urldate = {2014-06-17},
	volume = 77,
	year = 2009
}

@misc{Quah2012Aggregating,
	author = {Quah, John K.-H. and Strulovici, Bruno},
	booktitle = {Econometrica},
	doi = {10.3982/ECTA9869},
	issn = {0012-9682},
	journal = {Econometrica},
	number = 5,
	pages = {2333-2348},
	title = {Aggregating the Single Crossing Property},
	volume = 80,
	year = 2012
}

@article{Raddish1999Continuity,
	author = {Raddish, Michele and Horn, Susan D. and Sharkey, Phoebe D.},
	booktitle = {American Journal of Managed Care},
	doi = 10538452,
	issn = 10880224,
	journal = {American Journal of Managed Care},
	number = 6,
	pages = {727-734},
	title = {Continuity of care: Is it cost effective?},
	url = {http://www.ncbi.nlm.nih.gov/pubmed/10538452},
	urldate = {2013-07-08},
	volume = 5,
	year = 1999
}

@article{Radner1984Nonconcavity,
	author = {Radner, Roy and Stiglitz, Joseph E},
	booktitle = {Bayesian models in economic theory},
	journal = {Bayesian models in economic theory},
	pages = {33-52},
	title = {A Nonconcavity in the Value of Information},
	url = {http://big5.ce.cn/gate/big5/classes.maxwell.syr.edu/ecn611/50Nonconcavity.pdf},
	urldate = {2013-06-04},
	volume = 5,
	year = 1984
}

@article{Radner1985Repeated,
	author = {Radner, R},
	booktitle = {Econometrica},
	journal = {Econometrica},
	keywords = {jeux répétés,théorie de l'agence},
	number = 5,
	pages = {1173-1198},
	title = {Repeated principal agent games with discounting},
	volume = 53,
	year = 1985
}

@article{Reinhardt1985Theory,
	author = {Reinhardt, U. E.},
	booktitle = {Journal of Health Economics},
	doi = {10.1016/0167-6296(85)90008-6},
	issn = 01676296,
	journal = {Journal of Health Economics},
	keywords = {SID},
	number = 2,
	pages = {187-193},
	title = {The theory of physician-induced demand reflections after a decade},
	url = {http://www.sciencedirect.com/science/article/pii/0167629685900086},
	volume = 4,
	year = 1985
}

@article{Rice1983Impact,
	author = {Rice, T H},
	booktitle = {Medical care},
	doi = {10.1097/00005650-198308000-00004},
	issn = {0025-7079},
	journal = {Medical care},
	keywords = {Colorado,Health,Health Services Needs and Demand,Health Services Needs and Demand: economics,Health Services Research,Health Services Research: economics,Insurance,Medicare,Medicare: economics,Models,Physician's Role,Professional Practice,Professional Practice: economics,Regression Analysis,Reimbursement,Reimbursement: trends,Role,SID,Theoretical,United States,models},
	month = 8,
	number = 8,
	pages = {803-815},
	publisher = {JSTOR},
	title = {The impact of changing medicare reimbursement rates on physician-induced demand.},
	url = {http://www.ncbi.nlm.nih.gov/pubmed/6350746},
	volume = 21,
	year = 1983
}

@article{Ricketts2001Hospitalization,
	author = {Ricketts, Thomas C and Randolph, Randy and Howard, Hilda Ann and Pathman, Donald and Carey, Timothy},
	booktitle = {Health \& Place},
	doi = {10.1016/S1353-8292(00)00035-6},
	issn = 13538292,
	journal = {Health \& Place},
	keywords = {Access,Ambulatory care sensitive condition hospitalizatio,Market area,Prevention,Primary care,Small area analysis},
	month = 3,
	number = 1,
	pages = {27-38},
	title = {Hospitalization rates as indicators of access to primary care},
	url = {http://www.sciencedirect.com/science/article/pii/S1353829200000356},
	urldate = {2015-03-16},
	volume = 7,
	year = 2001
}

@techreport{Ringel2002Elasticity,
	address = {SANTA MONICA CA},
	author = {Ringel, Jeanne S. and Hosek, Susan D. and Vollard, Ben a. and Mahnovski, Sergej},
	institution = {RAND NATIONAL DEFENSE RESEARCH INSTITUTE},
	pages = {1-57},
	school = {RAND NATIONAL DEFENSE RESEARCH INSTITUTE},
	title = {The Elasticity of Demand for Health Care: A Review of the Literature and Its Application to the Military Health System},
	url = {http://www.rand.org/pubs/monograph_reports/2005/MR1355.pdf},
	volume = 5,
	year = 2002
}

@article{Rochaix1989Information,
	author = {Rochaix, Lise},
	booktitle = {Journal of health economics},
	doi = {10.1016/0167-6296(89)90009-X},
	issn = 01676296,
	journal = {Journal of health economics},
	number = 1,
	pages = {53-84},
	title = {Information asymmetry and search in the market for physicians' services.},
	url = {http://www.sciencedirect.com/science/article/pii/016762968990009X},
	urldate = {2014-02-17},
	volume = 8,
	year = 1989
}

@article{Roodman2006How,
	author = {Roodman, David},
	booktitle = {Center for Global Development working paper},
	journal = {Center for Global Development working paper},
	title = {How to Do xtabond2: An Introduction to \&quot;Difference\&quot; and \&quot;System\&quot; GMM in Stata},
	url = {http://ideas.repec.org/p/cgd/wpaper/103.html},
	urldate = {2013-12-03},
	year = 2006
}

@article{Rosenbaum1991Basic,
	author = {Rosenbaum, S. E.},
	booktitle = {JAMA: The Journal of the American Medical Association},
	doi = {10.1001/jama.1991.03460050106033},
	issn = {0098-7484},
	journal = {JAMA: The Journal of the American Medical Association},
	month = 2,
	number = 5,
	pages = {652-652},
	publisher = {American Medical Association},
	title = {Basic and Clinical Biostatistics},
	url = {http://jama.jamanetwork.com/article.aspx?articleid=384919},
	urldate = {2014-05-06},
	volume = 265,
	year = 1991
}

@article{Rosenstand2008Computerbrug,
	author = {Rosenstand, J and Waldorff, Fb},
	booktitle = {Ugeskrift for Læger},
	issn = 00415782,
	journal = {Ugeskrift for Læger},
	number = {April},
	pages = {1449-1453},
	title = {Computerbrug i almen praksis: patienters og lægers opfattelse},
	url = {http://forskningsbasen.deff.dk/Share.external?sp=S34f86d20-f2c8-11dd-bf70-000ea68e967b&sp=Sku},
	urldate = {2013-04-22},
	year = 2008
}

@article{Rosenzweig1983Estimating,
	author = {Rosenzweig, Mark R. and Schultz, T. Paul},
	booktitle = {Journal of Political Economy},
	doi = {10.1086/261179},
	issn = {0022-3808},
	journal = {Journal of Political Economy},
	number = 5,
	pages = 723,
	title = {Estimating a Household Production Function: Heterogeneity, the Demand for Health Inputs, and Their Effects on Birth Weight},
	url = {http://www.jstor.org/stable/10.2307/1837367},
	urldate = {2013-09-16},
	volume = 91,
	year = 1983
}

@article{Rubinstein1983Repeated,
	author = {Rubinstein, Ariel and Yaari, Menahem E},
	booktitle = {Journal of Economic Theory},
	doi = {10.1016/0022-0531(83)90094-7},
	issn = 00220531,
	journal = {Journal of Economic Theory},
	month = 6,
	number = 1,
	pages = {74-97},
	title = {Repeated insurance contracts and moral hazard},
	url = {http://linkinghub.elsevier.com/retrieve/pii/0022053183900947},
	volume = 30,
	year = 1983
}

@article{Rubinstein1994Rationalizable,
	author = {Rubinstein, Ariel and Wolinsky, Asher},
	booktitle = {Games and Economic Behavior},
	doi = {10.1006/game.1994.1016},
	issn = 08998256,
	journal = {Games and Economic Behavior},
	pages = {299-311},
	title = {Rationalizable Conjectural Equilibrium: Between Nash and Rationalizability},
	url = {http://dx.doi.org/10.1006/game.1994.1016},
	urldate = {2013-11-03},
	volume = 6,
	year = 1994
}

@article{Rust1987Optimal,
	author = {Rust, John},
	booktitle = {Econometrica},
	doi = {10.2307/1911259},
	issn = 00129682,
	journal = {Econometrica},
	number = 5,
	pages = {pp.999-1033},
	title = {Optimal Replacement of GMC Bus Engines: An Empirical Model of Harold Zurcher},
	url = {http://www.jstor.org/stable/1911259},
	urldate = {2013-12-21},
	volume = 55,
	year = 1987
}

@article{Sackett1992Primer,
	author = {Sackett, D. L.},
	booktitle = {JAMA: The Journal of the American Medical Association},
	doi = {10.1001/jama.1992.03480190080037},
	issn = {0098-7484},
	journal = {JAMA: The Journal of the American Medical Association},
	keywords = {biostatistics},
	month = 5,
	number = 19,
	pages = {2638-2644},
	publisher = {American Medical Association},
	title = {A Primer on the Precision and Accuracy of the Clinical Examination},
	url = {http://jama.jamanetwork.com/article.aspx?articleid=397276},
	urldate = {2014-05-06},
	volume = 267,
	year = 1992
}

@article{Schitz2011Something,
	author = {Schiøtz, Michaela and Price, Mary and Frølich, Anne and Søgaard, Jes and Kristensen, Jette K and Krasnik, Allan and Ross, Murray N and Diderichsen, Finn and Hsu, John},
	booktitle = {BMC health services research},
	doi = {10.1186/1472-6963-11-347},
	issn = {1472-6963},
	journal = {BMC health services research},
	keywords = {Aged,Ambulatory Care,Ambulatory Care: statistics \& numerical data,Angina, Stable,Angina, Stable: diagnosis,Angina, Stable: prevention \& control,Angina, Stable: therapy,Benchmarking,Benchmarking: methods,Cohort Studies,Delivery of Health Care, Integrated,Delivery of Health Care, Integrated: standards,Denmark,Female,Health Maintenance Organizations,Health Status Indicators,Heart Failure,Heart Failure: diagnosis,Heart Failure: prevention \& control,Heart Failure: therapy,Hospitalization,Hospitalization: statistics \& numerical data,Hospitalization: trends,Humans,Hypertension,Hypertension: diagnosis,Hypertension: prevention \& control,Hypertension: therapy,Length of Stay,Length of Stay: statistics \& numerical data,Length of Stay: trends,Male,Patient Readmission,Patient Readmission: statistics \& numerical data,Patient Readmission: trends,Preventive Health Services,Pulmonary Disease, Chronic Obstructive,Pulmonary Disease, Chronic Obstructive: diagnosis,Pulmonary Disease, Chronic Obstructive: prevention,Pulmonary Disease, Chronic Obstructive: therapy,Quality Improvement,Quality Improvement: trends},
	month = 1,
	number = 1,
	pages = 347,
	title = {Something is amiss in Denmark: a comparison of preventable hospitalisations and readmissions for chronic medical conditions in the Danish Healthcare system and Kaiser Permanente.},
	url = {http://www.biomedcentral.com/1472-6963/11/347},
	urldate = {2015-03-16},
	volume = 11,
	year = 2011
}

@unpublished{Schmid2013Identification,
	author = {Schmid, Christian},
	title = {Identification of supplier-induced demand: What kind of consumer information matters?},
	url = {http://www.econstor.eu/handle/10419/76739},
	year = 2013
}

@article{Schmidt2011How,
	author = {Hennig-Schmidt, Heike and Selten, Reinhard and Wiesen, Daniel},
	booktitle = {Journal of Health Economics},
	doi = {10.1016/j.jhealeco.2011.05.001},
	issn = 01676296,
	journal = {Journal of Health Economics},
	keywords = {Capitation,Fee-for-service,Incentives,Laboratory experiment,Physician payment system},
	number = 4,
	pages = {637-646},
	publisher = {Bonn Econ Discussion Papers},
	title = {How payment systems affect physicians' provision behaviour-An experimental investigation},
	url = {http://www.ncbi.nlm.nih.gov/pubmed/21683460},
	volume = 30,
	year = 2011
}

@article{Schmitz2010Practice,
	author = {Schmitz, Hendrik},
	keywords = {ambulatory care,latent class hurdle model,practice budgets,supplier-induced demand},
	title = {Practice budgets and the patient mix of physicians - Evaluating the effects of remuneration system reforms on physician behaviour in Germany},
	url = {http://hdl.handle.net/10419/37176},
	urldate = {2013-04-15},
	year = 2010
}

@article{Scott1995Evaluating,
	author = {Scott, a and Hall, J},
	booktitle = {Health policy (Amsterdam, Netherlands)},
	doi = {10.1016/0168-8510(94)00697-D},
	issn = 01688510,
	journal = {Health policy (Amsterdam, Netherlands)},
	keywords = {General practice,Methodology,Remuneration},
	number = 3,
	pages = {183-195},
	shorttitle = {Evaluating the effects of GP remuneration},
	title = {Evaluating the effects of GP remuneration: problems and prospects.},
	url = {http://dx.doi.org/10.1016/0168-8510(94)00697-D,http://www.sciencedirect.com/science/article/pii/016885109400697D},
	urldate = {2012-05-07},
	volume = 31,
	year = 1995
}

@article{Scott1997Do,
	author = {Scott, Anthony and Shiell, Alan},
	booktitle = {Journal of Health Economics},
	doi = {10.1016/S0167-6296(96)00520-6},
	issn = 01676296,
	journal = {Journal of Health Economics},
	keywords = {Discrete choice,General practice,Multilevel modelling,Remuneration},
	number = 3,
	pages = {323-342},
	shorttitle = {Do fee descriptors influence treatment choices in },
	title = {Do fee descriptors influence treatment choices in general practice? A multilevel discrete choice model},
	url = {http://www.sciencedirect.com/science/article/pii/S0167629696005206,http://dx.doi.org/10.1016/S0167-6296(96)00520-6},
	urldate = {2012-05-07},
	volume = 16,
	year = 1997
}

@article{Scott2000Chapter,
	author = {Scott, Anthony},
	booktitle = {Handbook of Health Economics},
	doi = {10.1016/S1574-0064(00)80035-9},
	issn = 15740064,
	journal = {Handbook of Health Economics},
	keywords = {agency relationship,financial incentives,referral,utilisation,vertical integration},
	month = 9,
	number = 6,
	pages = {1175-1200},
	title = {Chapter 22 Economics of general practice},
	url = {http://www.pubmedcentral.nih.gov/articlerender.fcgi?artid=1313674&tool=pmcentrez&rendertype=abstract,http://www.sciencedirect.com/science/article/pii/S1574006400800359},
	urldate = {2013-07-08},
	volume = 1,
	year = 2000
}

@article{Scott2001Eliciting,
	author = {Scott, Anthony},
	booktitle = {Journal of Health Economics},
	doi = {10.1016/S0167-6296(00)00083-7},
	issn = 01676296,
	journal = {Journal of Health Economics},
	keywords = {Discrete choice models,Job characteristics,Physician behaviour,Utility functions},
	month = 5,
	number = 3,
	pages = {329-347},
	title = {Eliciting GPs' preferences for pecuniary and non-pecuniary job characteristics},
	url = {http://www.ncbi.nlm.nih.gov/pubmed/11373834},
	volume = 20,
	year = 2001
}

@article{Seefeld1975Contribution,
	author = {Seefeld, G},
	booktitle = {Stomatologie der DDR},
	journal = {Stomatologie der DDR},
	number = {January},
	pages = {475-477},
	title = {A contribution to health education},
	url = {http://works.bepress.com/titus_galama/1/},
	urldate = {2013-09-10},
	volume = 25,
	year = 1975
}

@article{Shannon1948Mathematical,
	author = {Shannon, Claude E},
	booktitle = {The Bell System Technical Journal},
	doi = {10.1145/584091.584093},
	issn = 07246811,
	journal = {The Bell System Technical Journal},
	pages = {379-423},
	title = {A mathematical theory of communication},
	url = {http://cm.bell-labs.com/cm/ms/what/shannonday/shannon1948.pdf},
	urldate = {2013-05-13},
	volume = 27,
	year = 1948
}

@article{Shannon1995Weak,
	author = {Shannon, Chris},
	booktitle = {Economic Theory},
	doi = {10.1007/BF01215200},
	issn = 09382259,
	journal = {Economic Theory},
	pages = {209-227},
	title = {Weak and strong monotone comparative statics},
	volume = 5,
	year = 1995
}

@article{Sickles1998On,
	author = {Sickles, Robin and Yazbeck, Abdo},
	booktitle = {Journal of Business \& Economic Statistics},
	doi = {10.2307/1392574},
	issn = 07350015,
	journal = {Journal of Business \& Economic Statistics},
	number = 2,
	pages = 187,
	title = {On the Dynamics of Demand for Leisure and the Production of Health},
	volume = 16,
	year = 1998
}

@incollection{Sloan2007Competition,
	author = {Sloan, Frank a and Kasper, Hirschel},
	booktitle = {Incentives and Choice in Health Care},
	journal = {Incentives and Choice in Health Care},
	pages = {319-353},
	publisher = {MIT Press},
	title = {Competition, Information Provision, and Hospital Quality},
	year = 2007
}

@article{Sloan2009Is,
	author = {Sloan, Frank a. and Shadle, John H.},
	booktitle = {Journal of Health Economics},
	doi = {10.1016/j.jhealeco.2008.12.006},
	issn = 01676296,
	journal = {Journal of Health Economics},
	keywords = {Liability,Malpractice,Medicare,Reform,Tort},
	month = 3,
	number = 2,
	pages = {481-491},
	title = {Is there empirical evidence for "Defensive Medicine"? A reassessment},
	url = {http://www.sciencedirect.com/science/article/pii/S0167629608001951},
	urldate = {2014-05-23},
	volume = 28,
	year = 2009
}

@incollection{Sloan2012Hospitals,
	author = {Sloan, Frank A and Hsieh, Chee-Ruey},
	booktitle = {Health Economics},
	journal = {Health Economics},
	pages = {219-273},
	publisher = {MIT Press},
	title = {Hospitals},
	year = 2012
}

@article{Staiger1997Instrumental,
	author = {Staiger, Douglas and Stock, James H.},
	booktitle = {Econometrica},
	doi = {10.2307/2171753},
	issn = 00129682,
	journal = {Econometrica},
	keywords = {250a,Econometrics,Folder - Instruments faibles,IV,IV-weak,Instrument\_variables,Methods,Regression,finite sample bias,folder\_invalid,folder\_wi,instrumental variables,metrics,overidentification tests,r18826,r20027,weak instruments,wi},
	month = 5,
	number = 3,
	pages = {557-586},
	title = {Instrumental Variables Regression with Weak Instruments},
	url = {http://www.nber.org/papers/t0151,http://www.jstor.org/stable/2171753?origin=crossref},
	urldate = {2013-12-13},
	volume = 65,
	year = 1997
}

@book{Starfield1993Primary,
	author = {Starfield, Barbara},
	booktitle = {Journal of Public Health Policy},
	issn = 01975897,
	journal = {Journal of Public Health Policy},
	month = 1,
	number = 4,
	pages = 500,
	title = {Primary Care: Concept, Evaluation, and Policy},
	url = {http://works.swarthmore.edu/alum-books/232,http://www.jstor.org/stable/3342881?origin=crossref},
	urldate = {2014-11-11},
	volume = 14,
	year = 1993
}

@book{Stern2004Working,
	author = {Stern, David I},
	number = 0403,
	title = {Working Papers in Economics},
	year = 2004
}

@article{Stoddart1994ReExamination,
	author = {Stoddart, Greg},
	booktitle = {Journal of Health Economics},
	doi = {10.1016/0167-6296(94)90036-1},
	issn = 01676296,
	journal = {Journal of Health Economics},
	keywords = {Agency,Effectiveness,Inducement,Supplier-induced demand},
	month = 10,
	number = 3,
	pages = {347-368},
	title = {A re-examination of the meaning and importance of supplier-induced demand},
	url = {http://www.sciencedirect.com/science/article/pii/0167629694900361,http://www.ncbi.nlm.nih.gov/pubmed/10140535},
	volume = 13,
	year = 1994
}

@article{Stoves2010Electronic,
	author = {Stoves, John and Connolly, John and Cheung, Chee Kay and Grange, Angela and Rhodes, Penny and O'Donoghue, Donal and Wright, John},
	booktitle = {Quality \& safety in health care},
	doi = {10.1136/qshc.2009.038984},
	issn = {2044-5415},
	journal = {Quality \& safety in health care},
	keywords = {Aged,Chronic,Efficiency,Electronic Health Records,Great Britain,Health Services Accessibility,Humans,Kidney Failure,Medical Record Linkage,Organizational,Referral and Consultation,Referral and Consultation: organization \& administ,e-consultations},
	month = 10,
	number = 5,
	pages = {e54},
	publisher = {BMJ Publishing Group Ltd},
	title = {Electronic consultation as an alternative to hospital referral for patients with chronic kidney disease: a novel application for networked electronic health records to improve the accessibility and efficiency of healthcare.},
	url = {http://qualitysafety.bmj.com/content/19/5/e54.full},
	urldate = {2013-04-22},
	volume = 19,
	year = 2010
}

@techreport{Sundhedssyrelsen2012Beskrivelse,
	author = {Sundhedssyrelsen},
	institution = {Sundhedssyrelsen},
	pages = {1-4},
	school = {Sundhedssyrelsen},
	title = {Beskrivelse af Sundhedsstyrelsens monitorering af kronisk sygdom},
	year = 2012
}

@article{Szalanski1981PhysicianS,
	author = {Christensen-Szalanski, J J and Bushyhead, J B},
	booktitle = {Journal of experimental psychology. Human perception and performance},
	doi = {10.1037/0096-1523.7.4.928},
	issn = {0096-1523},
	journal = {Journal of experimental psychology. Human perception and performance},
	month = 8,
	number = 4,
	pages = {928-935},
	title = {Physician's use of probabilistic information in a real clinical setting.},
	url = {http://view.ncbi.nlm.nih.gov/pubmed/6457103},
	volume = 7,
	year = 1981
}

@article{Tarrant2004Models,
	author = {Tarrant, C and Stokes, T and Colman, a M},
	booktitle = {Quality \& safety in health care},
	doi = {10.1136/qshc.2003.008417},
	issn = {1475-3898},
	journal = {Quality \& safety in health care},
	month = 12,
	number = 6,
	pages = {461-466},
	publisher = {BMJ Publishing Group Ltd},
	title = {Models of the medical consultation: opportunities and limitations of a game theory perspective.},
	url = {http://qualitysafety.bmj.com/lookup/doi/10.1136/qshc.2003.008417},
	urldate = {2013-03-23},
	volume = 13,
	year = 2004
}

@article{Teljeur2011Spatial,
	author = {Teljeur, Conor and Kelly, Alan and O'Dowd, Tom},
	booktitle = {International Journal of Family Medicine},
	doi = {10.1155/2011/971231},
	issn = {2090-2042},
	journal = {International Journal of Family Medicine},
	pages = {1-5},
	title = {Spatial Variation in General Medical Services Income in Dublin General Practitioners},
	url = {http://dx.doi.org/10.1155/2011/971231},
	volume = 2011,
	year = 2011
}

@article{Theil1965Information,
	author = {Theil, H},
	booktitle = {Econometrica: Journal of the Econometric Society},
	doi = {10.2307/1911889},
	issn = {0012-9682},
	journal = {Econometrica: Journal of the Econometric Society},
	number = 1,
	pages = {67-87},
	title = {The information approach to demand analysis},
	url = {http://www.jstor.org/stable/1911889},
	urldate = {2014-04-29},
	volume = 33,
	year = 1965
}

@article{Thompson1997Substitution,
	author = {Thompson, H.},
	booktitle = {Applied Mathematics Letters},
	doi = {10.1016/S0893-9659(97)00047-5},
	issn = 08939659,
	journal = {Applied Mathematics Letters},
	keywords = {bilateral,complementarity,cross price,elasticity,substitution},
	month = 5,
	number = 3,
	pages = {123-127},
	title = {Substitution elasticities with many inputs},
	url = {http://linkinghub.elsevier.com/retrieve/pii/S0893965997000475},
	volume = 10,
	year = 1997
}

@article{Tirole2009Contracts,
	author = {Tirole, Jean},
	booktitle = {The American Economic Review},
	journal = {The American Economic Review},
	number = 1,
	pages = {265-294},
	title = {Contracts Cognition and Incomplete Contracts},
	volume = 99,
	year = 2009
}

@book{Tomlins1979Financing,
	address = {Weinheim, Germany},
	author = {Tomlins, F G},
	booktitle = {British medical journal},
	chapter = 7,
	doi = {10.1002/9783527611294},
	issn = 00071447,
	journal = {British medical journal},
	month = 12,
	pages = 1152,
	publisher = {Wiley-VCH Verlag GmbH \& Co. KGaA},
	title = {Financing health care.},
	url = {http://doi.wiley.com/10.1002/9783527611294},
	urldate = {2014-09-22},
	volume = 1,
	year = 1979
}

@book{Topkis1998Supermodularity,
	author = {Topkis, DM},
	title = {Supermodularity and complementarity},
	url = {http://books.google.com/books?hl=en&lr=&id=ueNbfnORSUcC&oi=fnd&pg=PR6&dq=Supermodularity+and+complementarity&ots=CJT-Tw1Ugr&sig=YRno_Vzai4Aovfd9c8IN1UUGIXg},
	urldate = {2014-06-13},
	year = 1998
}

@book{Trogdon2009Demand,
	author = {Trogdon, Justin G.},
	booktitle = {International Economic Review},
	doi = {10.1111/j.1468-2354.2009.00565.x},
	issn = 00206598,
	journal = {International Economic Review},
	month = 11,
	number = 4,
	pages = {1183-1204},
	title = {Demand for and regulation of cardiac services},
	url = {https://www.economics.adelaide.edu.au/research/papers/doc/wp2004-12.pdf,http://doi.wiley.com/10.1111/j.1468-2354.2009.00565.x},
	urldate = {2014-05-23},
	volume = 50,
	year = 2009
}

@misc{Troyan????Lattice,
	author = {Troyan, Pete},
	pages = {1-18},
	title = {Lattice Methods and Monotone Comparative Statics}
}

@article{Tversky1974Judgment,
	author = {Tversky, a and Kahneman, D},
	booktitle = {Science (New York, N.Y.)},
	doi = {10.1126/science.185.4157.1124},
	issn = {0036-8075},
	journal = {Science (New York, N.Y.)},
	month = 9,
	number = 4157,
	pages = {1124-1131},
	title = {Judgment under Uncertainty: Heuristics and Biases.},
	url = {http://www.ncbi.nlm.nih.gov/pubmed/17835457},
	volume = 185,
	year = 1974
}

@article{UriAlon????How,
	author = {{Uri Alon}},
	doi = {10.1016/j.molcel.2009.09.013},
	issn = 02138409,
	keywords = {Argentina,Lagoons,Physical-chemical parameters,Zooplankton},
	month = 9,
	title = {How To Choose a Good Scientific Problem},
	url = {http://www.sciencedirect.com/science/article/pii/S1097276509006418},
	urldate = {2014-07-09}
}

@article{Uzawa1962Production,
	author = {Uzawa, Hirofumi},
	booktitle = {The review of economic studies},
	journal = {The review of economic studies},
	keywords = {Elasticities,of Substitution},
	number = 4,
	pages = {291-299},
	title = {Production Functions Elasticities of Substitution},
	volume = 29,
	year = 1962
}

@article{Vany1974Revealed,
	author = {De Vany, A.},
	booktitle = {The Review of Economics and Statistics},
	journal = {The Review of Economics and Statistics},
	number = 1,
	pages = {77-82},
	title = {The revealed value of time in air travel},
	url = {http://www.jstor.org/stable/1927529},
	urldate = {2014-02-03},
	volume = 56,
	year = 1974
}

@article{Vedsted2008Data,
	author = {Vedsted, Peter and Sokolowski, Ineta and Heje, Hanne N},
	booktitle = {Scandinavian journal of primary health care},
	doi = {10.1080/02813430802294803},
	issn = {1502-7724},
	journal = {Scandinavian journal of primary health care},
	keywords = {Adult,Denmark,Family Practice,Family Practice: standards,Health Services Accessibility,Health Services Accessibility: standards,Humans,Patient Education as Topic,Patient Education as Topic: standards,Patient Satisfaction,Physician-Patient Relations,Psychometrics,Questionnaires,Questionnaires: standards},
	month = 1,
	number = 3,
	pages = {174-180},
	title = {Data quality and confirmatory factor analysis of the Danish EUROPEP questionnaire on patient evaluation of general practice.},
	url = {http://www.pubmedcentral.nih.gov/articlerender.fcgi?artid=3409606&tool=pmcentrez&rendertype=abstract},
	urldate = {2013-09-16},
	volume = 26,
	year = 2008
}

@article{Vick1998Agency,
	author = {Vick, Sandra and Scott, Anthony},
	booktitle = {Journal of Health Economics},
	doi = {10.1016/S0167-6296(97)00035-0},
	issn = 01676296,
	journal = {Journal of Health Economics},
	keywords = {Agency relationship,Conjoint analysis,General practice,Random effects probit},
	number = 5,
	pages = {587-605},
	title = {Agency in health care. Examining patients' preferences for attributes of the doctor-patient relationship},
	url = {http://www.sciencedirect.com/science/article/pii/S0167629697000350},
	volume = 17,
	year = 1998
}

@article{Viscusi1980Theory,
	author = {Viscusi, WK K},
	booktitle = {The Quarterly Journal of Economics},
	journal = {The Quarterly Journal of Economics},
	title = {A theory of job shopping: A Bayesian perspective},
	url = {http://www.jstor.org/stable/1884587},
	urldate = {2014-05-27},
	year = 1980
}

@article{Voss2007Danskernes,
	author = {Voss, Henning and Ravn, Bl},
	booktitle = {Ugeskrift for Læger},
	issn = 00415782,
	journal = {Ugeskrift for Læger},
	pages = {2318-2321},
	title = {Danskernes brug af sundhedsydelser pa internettet},
	url = {http://www.forskningsenheten.no/docs/+Web-Based_Research.Data/PDF/VP49010-3927705344/VP49010.pdf},
	urldate = {2013-09-16},
	year = 2007
}

@article{Wagstaff1986Demand,
	author = {Wagstaff, Adam},
	booktitle = {Bulletin of Economic Research},
	doi = {10.1111/j.1467-8586.1986.tb00206.x},
	issn = {0307-3378},
	journal = {Bulletin of Economic Research},
	month = 1,
	number = 1,
	pages = {93-95},
	title = {The demand for health: a simplified Grossman model},
	url = {http://onlinelibrary.wiley.com/doi/10.1111/j.1467-8586.1986.tb00206.x/abstract\nhttp://doi.wiley.com/10.1111/j.1467-8586.1986.tb00206.x},
	urldate = {2013-09-18},
	volume = 38,
	year = 1986
}

@article{Wagstaff1993Demand,
	author = {Wagstaff, Adam},
	booktitle = {Health economics},
	issn = {1057-9230},
	journal = {Health economics},
	pages = {189-198},
	title = {The demand for health: an empirical reformulation of the Grossman model.},
	url = {http://onlinelibrary.wiley.com/doi/10.1002/hec.4730020211/abstract},
	urldate = {2013-09-10},
	volume = 2,
	year = 1993
}

@article{Wedig1989Can,
	author = {Wedig, G and Mitchell, J B and Cromwell, J},
	booktitle = {Journal of health politics, policy and law},
	doi = {10.1215/03616878-14-3-601},
	issn = {0361-6878},
	journal = {Journal of health politics, policy and law},
	keywords = {Cost Control,Cost Control: legislation \& jurisprudence,Fees, Medical,Fees, Medical: legislation \& jurisprudence,Health Expenditures,Health Expenditures: statistics \& numerical data,Health Policy,Health Policy: economics,Insurance, Physician Services,Insurance, Physician Services: legislation \& juris,Medicare,Models, Theoretical,Office Visits,Physician's Practice Patterns,Physician's Practice Patterns: economics,Quality of Health Care,Quality of Health Care: economics,United States},
	month = 1,
	number = 3,
	pages = {601-620; discussion 621-625},
	title = {Can price controls induce optimal physician behavior?},
	url = {http://www.ncbi.nlm.nih.gov/pubmed/2507625},
	urldate = {2015-01-30},
	volume = 14,
	year = 1989
}

@article{Wedig1993Ramsey,
	author = {Wedig, Gerard J.},
	booktitle = {Journal of Health Economics},
	doi = {10.1016/0167-6296(93)90001-U},
	issn = 01676296,
	journal = {Journal of Health Economics},
	keywords = {Ramsey pricing,physician markets,price regulation},
	number = 4,
	pages = {365-384},
	publisher = {Elsevier},
	title = {Ramsey pricing and supply-side incentives in physician markets},
	volume = 12,
	year = 1993
}

@article{Weijden2002Understanding,
	author = {Van Der Weijden, Trudy and Van Bokhoven, Marloes a. and Dinant, Geert Jan and Van Hasselt, Cathelijne M. and Grol, Richard P T M},
	booktitle = {British Journal of General Practice},
	issn = 09601643,
	journal = {British Journal of General Practice},
	keywords = {Diagnostic uncertainty,Physician's practice patterns,Routine diagnostic tests},
	month = 12,
	number = 485,
	pages = {974-980},
	title = {Understanding laboratory testing in diagnostic uncertainty: A qualitative study in general practice},
	url = {http://www.pubmedcentral.nih.gov/articlerender.fcgi?artid=1314466&tool=pmcentrez&rendertype=abstract,http://www.ncbi.nlm.nih.gov/pmc/articles/PMC1314466/},
	volume = 52,
	year = 2002
}

@article{Weinstein2001Should,
	author = {Weinstein, M C},
	booktitle = {Journal of medical ethics},
	doi = {10.1136/jme.27.4.268},
	issn = 03066800,
	journal = {Journal of medical ethics},
	keywords = {Health Care and Public Health},
	number = 4,
	pages = {268-274},
	publisher = {BMJ Publishing Group Ltd and Institute of Medical Ethics},
	title = {Should physicians be gatekeepers of medical resources?},
	url = {http://jme.bmj.com/content/27/4/268.short},
	urldate = {2013-03-25},
	volume = 27,
	year = 2001
}

@article{Weisbrod1991Health,
	author = {Weisbrod, Burton},
	booktitle = {Journal of Economic Literature},
	journal = {Journal of Economic Literature},
	number = 2,
	pages = {523-552},
	title = {THe Health Care Quadrilemma : Essay on Technological Change , of Care , Quality and Insurance , Cost Containment},
	volume = 29,
	year = 1991
}

@article{Weiss1996Faithful,
	author = {Weiss, L. J. and Blustein, J.},
	booktitle = {American Journal of Public Health},
	doi = {10.2105/AJPH.86.12.1742},
	issn = 00900036,
	journal = {American Journal of Public Health},
	keywords = {80 and over,Aged,Continuity of Patient Care,Continuity of Patient Care: economics,Female,Health Behavior,Health Services,Health Services: economics,Health Services: utilization,Hospitalization,Hospitalization: statistics \& numerical data,Humans,Male,Medicare,Multivariate Analysis,Office Visits,Office Visits: statistics \& numerical data,Physician-Patient Relations,Preventive Health Services,Preventive Health Services: statistics \& numerical,Socioeconomic Factors,Time Factors,United States},
	month = 12,
	number = 12,
	pages = {1742-1747},
	title = {Faithful patients: The effect of long-term physician-patient relationships on the costs and use of health care by older Americans},
	url = {http://www.pubmedcentral.nih.gov/articlerender.fcgi?artid=1380727&tool=pmcentrez&rendertype=abstract,http://ajph.aphapublications.org/doi/abs/10.2105/AJPH.86.12.1742},
	urldate = {2014-11-11},
	volume = 86,
	year = 1996
}

@article{Wennberg1982Professional,
	author = {Wennberg, J. E. and Barnes, B. a. and Zubkoff, M.},
	booktitle = {Social Science and Medicine},
	doi = {10.1016/0277-9536(82)90234-9},
	issn = 02779536,
	journal = {Social Science and Medicine},
	keywords = {Behavior,Catchment Area (Health),Clinical Competence,Decision Making,Health Services,Health Services Needs and Demand,Health Services Needs and Demand: economics,Health Services Research,Health Services Research: economics,Health Services: utilization,Humans,New England,Operative,Operative: utilization,Physician's Role,Probability,Role,Socioeconomic Factors,Surgical Procedures},
	month = 1,
	number = 7,
	pages = {811-824},
	title = {Professional uncertainty and the problem of supplier-induced demand},
	url = {http://www.ncbi.nlm.nih.gov/pubmed/7100999},
	volume = 16,
	year = 1982
}

@misc{Who1948Who,
	author = {Who},
	booktitle = {Official records of the World Health Organisation},
	doi = {10.1016/B978-012466044-1/50296-9},
	journal = {Official records of the World Health Organisation},
	pages = 100,
	title = {WHO definition of Health},
	url = {http://www.who.int/a},
	urldate = {2014-05-01},
	year = 1948
}

@article{Williams2008Harvard,
	author = {Williams, Peter and Schnier, Thorsten},
	booktitle = {World Wide Web Internet And Web Information Systems},
	journal = {World Wide Web Internet And Web Information Systems},
	number = 1986,
	pages = {1-6},
	title = {The Harvard Family of Bibliography Styles},
	year = 2008
}

@article{Williamson1993Opportunism,
	author = {Williamson, Oliver E},
	booktitle = {Managerial and decision economics},
	doi = {10.2307/2488006},
	issn = 01436570,
	journal = {Managerial and decision economics},
	keywords = {Opportunism},
	month = 3,
	number = 2,
	pages = {97-107},
	title = {Opportunism and its critics},
	url = {http://doi.wiley.com/10.1002/mde.4090140203},
	volume = 14,
	year = 1993
}

@article{Wirick1966Multiple,
	author = {Wirick, G C},
	booktitle = {Health services research},
	issn = {0017-9124},
	journal = {Health services research},
	keywords = {Community Health Services,Demand,Factor Analysis,Female,Hospitalization,Humans,Male,Statistical,United States,heatlh care},
	month = 1,
	number = 3,
	pages = {301-346},
	publisher = {Health Research \& Educational Trust},
	title = {A multiple equation model of demand for health care.},
	url = {http://www.pubmedcentral.nih.gov/articlerender.fcgi?artid=1067346&tool=pmcentrez&rendertype=abstract},
	volume = 1,
	year = 1966
}

@article{Wolff1989Professional,
	author = {Wolff, N.},
	booktitle = {Social Science and Medicine},
	doi = {10.1016/0277-9536(89)90136-6},
	issn = 02779536,
	journal = {Social Science and Medicine},
	keywords = {-professional},
	month = 1,
	number = 2,
	pages = {99-107},
	title = {Professional uncertainty and physician medical decision-making in a multiple treatment framework},
	url = {http://linkinghub.elsevier.com/retrieve/pii/0277953689901366},
	urldate = {2014-09-22},
	volume = 28,
	year = 1989
}

@article{Wolinsky1993Competition,
	author = {Wolinsky, Asher},
	booktitle = {RAND Journal of Economics (RAND Journal of Economics)},
	doi = {10.2307/2555964},
	issn = 07416261,
	journal = {RAND Journal of Economics (RAND Journal of Economics)},
	keywords = {SID},
	number = 3,
	pages = {380-398},
	title = {Competition in a market for informed experts' services.},
	url = {http://search.ebscohost.com.ep.fjernadgang.kb.dk/login.aspx?direct=true&db=bth&AN=9311154084&site=ehost-live},
	volume = 24,
	year = 1993
}

@article{Woodward1998Reduced,
	author = {Woodward, Robert S. and Schnitzler, Mark a. and Kvols, Larry K.},
	booktitle = {Health Economics},
	doi = {10.1002/(SICI)1099-1050(199803)7:2{	extless}149::AID-HEC321{	extgreater}3.0.CO;2-B},
	issn = 10579230,
	journal = {Health Economics},
	keywords = {Carcinoid liver tumour,Cost-effectiveness,Octreotide,Risk aversion,Somatostatin receptor scintigraphy},
	month = 3,
	number = 2,
	pages = {149-160},
	title = {Reduced uncertainty as a diagnostic benefit: An initial assessment of somatostatic receptor scintigraphy's value in detecting distant metastases of carcinoid liver tumours},
	url = {http://www.ncbi.nlm.nih.gov/pubmed/9565171},
	urldate = {2013-05-13},
	volume = 7,
	year = 1998
}

@article{Wranik2010Physician,
	author = {Wranik, Dominika W. and Durier-Copp, Martine},
	booktitle = {Health Care Analysis},
	doi = {10.1007/s10728-008-0105-9},
	issn = 10653058,
	journal = {Health Care Analysis},
	keywords = {Canadian health care,Collaborative care,Physician remuneration models,Provider incentives,Recruitment and retention},
	month = 3,
	number = 1,
	pages = {35-59},
	title = {Physician remuneration methods for family physicians in Canada: Expected outcomes and lessons learned},
	url = {http://www.ncbi.nlm.nih.gov/pubmed/19172400},
	urldate = {2013-04-15},
	volume = 18,
	year = 2010
}

@book{Xianyu2012PrisonerS,
	author = {Xianyu, Bo},
	booktitle = {Jasss},
	issn = 14607425,
	journal = {Jasss},
	keywords = {Adaptive expectation,Agent-based simulation,Complex network,Prisoner"s dilemma game},
	month = 6,
	publisher = {JASSS},
	title = {Prisoner's dilemma game on complex networks with agents' adaptive expectations},
	url = {http://jasss.soc.surrey.ac.uk/15/3/3.html},
	urldate = {2013-04-18},
	volume = 15,
	year = 2012
}

@article{Yao1994Experimental,
	author = {Yao, Xin and Darwen, Paul J.},
	booktitle = {Informatica},
	doi = {10.1007/3-540-60154-6\_50},
	journal = {Informatica},
	keywords = {generalization,genetic algorithms,learning,prisoner's dilemma},
	pages = {435-450},
	title = {An Experimental Study of N-Person Iterated Prisoner ' s Dilemma Games},
	url = {http://citeseerx.ist.psu.edu/viewdoc/summary?doi=10.1.1.76.8388},
	urldate = {2013-04-18},
	volume = 18,
	year = 1994
}

@article{Yildiz2004Waiting,
	author = {Yildiz, Muhamet},
	booktitle = {The Quarterly Journal of Economics},
	doi = {10.1162/003355304772839579},
	issn = {0033-5533},
	journal = {The Quarterly Journal of Economics},
	keywords = {collective bargining,labor arbitrarion,negotiation in business,organizational behavior},
	pages = {223-248},
	title = {Waiting to Persuade},
	url = {http://qje.oxfordjournals.org/cgi/doi/10.1162/003355304772839579\nhttp://www.jstor.org/stable/25098682\nhttp://search.ebscohost.com/login.aspx?direct=true&db=bth&AN=12336619&site=ehost-live&scope=site},
	volume = 119,
	year = 2004
}

@article{Zandt2002Introduction,
	author = {Zandt, Timothy Van},
	booktitle = {Comparative and General Pharmacology},
	journal = {Comparative and General Pharmacology},
	number = {November},
	pages = {1-17},
	title = {An Introduction to Monotone Comparative Statics},
	url = {http://mimex.puj.edu.co/SITJ/Van_Zandt_Monotone_Comparative_Statics.pdf},
	urldate = {2014-06-16},
	year = 2002
}

@article{Zhou2007Patient,
	author = {Zhou, Yi Yvonne and Garrido, Terhilda and Chin, Homer L and Wiesenthal, Andrew M and Liang, Louise L},
	booktitle = {The American Journal Of Managed Care},
	journal = {The American Journal Of Managed Care},
	number = {July},
	pages = {418-424},
	title = {Patient Access to an Electronic Hrealth Record With Secure Messaging: Impact on Primary Care Utilization},
	url = {http://www.researchgate.net/publication/6217959_Patient_access_to_an_electronic_health_record_with_secure_messaging_impact_on_primary_care_utilization/file/9fcfd511e7e2d3470a.pdf},
	urldate = {2013-04-22},
	volume = 13,
	year = 2007
}

@article{Zweifel2000Chapter,
	author = {Zweifel, Peter and Manning, Willard G.},
	booktitle = {Handbook of Health Economics},
	doi = {10.1016/S1574-0064(00)80167-5},
	issn = 15740064,
	journal = {Handbook of Health Economics},
	keywords = {C12,C93,D82,G22,I11,J32,O31},
	pages = {409-459},
	title = {Chapter 8 Moral hazard and consumer incentives in health care},
	volume = 1,
	year = 2000
}

@article{Rogerson1985FirstOrder,
	author = {Rogerson, William P.},
	booktitle = {Econometrica},
	journal = {Econometrica},
	number = 6,
	pages = {1357-67},
	publisher = {Econometric Society},
	title = {The First-Order Approach to Principal-Agent Problems},
	url = {http://econpapers.repec.org/RePEc:ecm:emetrp:v:53:y:1985:i:6:p:1357-67},
	urldate = {2015-04-06},
	volume = 53,
	year = 1985
}

@article{Conlon2009Two,
	author = {Conlon, John R},
	booktitle = {Econometrica},
	doi = {10.3982/ECTA6688},
	issn = {0012-9682},
	journal = {Econometrica},
	keywords = {Principal-agent model, moral hazard, first-order a},
	number = 1,
	pages = {249-278},
	title = {Two New Conditions Supporting the First-Order Approach to Multisignal Principal-Agent Problems},
	volume = 77,
	year = 2009
}

@article{Gutierrez2012On,
	author = {Gutiérrez, Óscar},
	booktitle = {Theoretical Economics Letters},
	journal = {Theoretical Economics Letters},
	keywords = {first-order approach,likelihood ratio,moral hazard,option-like incentives,principal-agent model},
	number = {January},
	pages = {157-161},
	title = {On the Consistency of the First-Order-Approach to Principal-Agent Problems},
	volume = 2012,
	year = 2012
}

@article{Holmstrom1979Morala,
	author = {Holmstrom, Bengt},
	booktitle = {The Bell Journal of Economics},
	doi = {10.2307/3003320},
	issn = {0361-915X},
	journal = {The Bell Journal of Economics},
	number = 1,
	pages = {74-91},
	title = {Moral Hazard and Observability},
	volume = 10,
	year = 1979
}

@article{Jewitt1988Justifying,
	author = {Jewitt, Ian},
	booktitle = {Econometrica: Journal of the Econometric Society},
	doi = {10.2307/1911363},
	issn = 00129682,
	journal = {Econometrica: Journal of the Econometric Society},
	number = 5,
	pages = {1177-1190},
	title = {Justifying the Firt-Order Approach to Principal-Agent Problems},
	volume = 56,
	year = 1988
}

@article{Jewitt2008Moral,
	author = {Jewitt, Ian and Kadan, Ohad and Swinkels, Jeroen M.},
	booktitle = {Journal of Economic Theory},
	doi = {10.1016/j.jet.2007.12.004},
	issn = 00220531,
	journal = {Journal of Economic Theory},
	keywords = {Compensation,Duality,Limited liability,Moral hazard,Options,Principal-agent models},
	number = 1,
	pages = {59-82},
	publisher = {Elsevier Inc.},
	title = {Moral hazard with bounded payments},
	url = {http://dx.doi.org/10.1016/j.jet.2007.12.004},
	volume = 143,
	year = 2008
}

@article{Kadan2013On,
	author = {Kadan, Ohad and Swinkels, Jeroen M.},
	booktitle = {Journal of Economic Theory},
	doi = {10.1016/j.jet.2013.08.001},
	issn = 00220531,
	journal = {Journal of Economic Theory},
	keywords = {D86,First-order approach,Moral hazard,Principal-agent},
	month = 11,
	number = 6,
	pages = {2313-2343},
	title = {On the moral hazard problem without the first-order approach},
	url = {http://www.sciencedirect.com/science/article/pii/S0022053113001427},
	urldate = {2015-04-20},
	volume = 148,
	year = 2013
}

@article{Sharpe1990Asymmetric,
	author = {Sharpe, Steven a},
	booktitle = {The Journal of Finance},
	doi = {10.2307/2328715},
	issn = 00221082,
	journal = {The Journal of Finance},
	number = 4,
	pages = {1069-1087},
	title = {Asymmetric Information, Bank Lending and Implicit Contracts: A Stylized Model of Customer Relationships},
	url = {http://www.jstor.org/stable/2328715},
	volume = 45,
	year = 1990
}

@article{Haan1989No,
	author = {Haan, Ger and Rutten, Frans},
	booktitle = {Health Policy},
	doi = {10.1016/0168-8510(89)90096-1},
	issn = 01688510,
	journal = {Health Policy},
	keywords = {Cost-effectiveness analysis,Fertility treatment,In vitro fertilization,Incentive,Regulation},
	month = 12,
	number = 3,
	pages = {239-249},
	title = {No cure, no pay: an acceptable way of financing fertility treatments?},
	url = {http://www.sciencedirect.com/science/article/pii/0168851089900961},
	urldate = {2015-04-21},
	volume = 13,
	year = 1989
}

@book{Pauly1980Doctors,
	address = {Chicago},
	author = {Pauly, Mark V.},
	keywords = {Economic aspects,Economics, Medical,Health services,Influence of physicians,Medical care - Utilization - United States,Medical economics - United States,Physician and patient - United States,Physicians,Physicians - United States,Supply \& demand,USA,United States},
	publisher = {University of Chicago Press},
	title = {Doctors and their workshops, economic models of physician behavior},
	year = 1980
}

@article{Schoonbeek2005No,
	author = {Schoonbeek, Lambert and Kooreman, Peter},
	booktitle = {Applied Economics Letters},
	doi = {10.1080/13504850500142544},
	issn = {1350-4851},
	journal = {Applied Economics Letters},
	number = 9,
	pages = {549-551},
	title = {No cure, be paid: super-contingent fee contracts},
	volume = 12,
	year = 2005
}

@article{Allen1985Repeated,
	author = {Allen, Franklin},
	booktitle = {Economics Letters},
	doi = {10.1016/0165-1765(85)90121-1},
	issn = 01651765,
	journal = {Economics Letters},
	number = {1-2},
	pages = {27-31},
	title = {Repeated principal-agent relationships with lending and borrowing},
	volume = 17,
	year = 1985
}

@article{Holmstrom1979Moralb,
	author = {Holmstrom, Bengt},
	booktitle = {The Bell Journal of Economics},
	doi = {10.2307/3003320},
	issn = {0361-915X},
	journal = {The Bell Journal of Economics},
	number = 1,
	pages = {74-91},
	title = {Moral Hazard and Observability},
	volume = 10,
	year = 1979
}

@incollection{Mirrlees1974Notes,
	author = {Mirrlees, James A},
	booktitle = {Essays on Economic Behavior under Uncertainty},
	doi = {10.1093/acprof:oso/9780198295211.003.0003},
	journal = {Essays on Economic Behavior under Uncertainty},
	pages = {243-258},
	title = {Notes on Welfare Economics, Information and Uncertainty},
	year = 1974
}

@article{Mirrlees1999Theory,
	author = {Mirrlees, J. a.},
	booktitle = {Review of Economic Studies},
	doi = {10.1111/1467-937X.00075},
	issn = {0034-6527},
	journal = {Review of Economic Studies},
	number = 1,
	pages = {3-21},
	title = {The Theory of Moral Hazard and Unobservable Behaviour: Part I},
	url = {http://restud.oxfordjournals.org/lookup/doi/10.1111/1467-937X.00075},
	volume = 66,
	year = 1999
}
